<?xml version="1.0" encoding="utf-8"?>
<marc:collection xmlns:marc="http://www.loc.gov/MARC21/slim" xmlns:xsi="http://www.w3.org/2001/XMLSchema-instance" xsi:schemaLocation="http://www.loc.gov/MARC21/slim http://www.loc.gov/standards/marcxml/schema/MARC21slim.xsd">
	<marc:record>
		<marc:leader>01050cam a2200301 i 4500</marc:leader>
		<marc:controlfield tag="001">1798493</marc:controlfield>
		<marc:controlfield tag="005">20141210122823.0</marc:controlfield>
		<marc:controlfield tag="008">940201s1769    ir            000 1 eng d</marc:controlfield>
		<marc:datafield ind1=" " ind2=" " tag="035">
			<marc:subfield code="a">(OCoLC)ocn187445056</marc:subfield>
		</marc:datafield>
		<marc:datafield ind1=" " ind2=" " tag="035">
			<marc:subfield code="a">(OCoLC)187445056</marc:subfield>
		</marc:datafield>
		<marc:datafield ind1=" " ind2=" " tag="035">
			<marc:subfield code="a">(CStRLIN)PAUGEAX3975-B</marc:subfield>
		</marc:datafield>
		<marc:datafield ind1=" " ind2=" " tag="035">
			<marc:subfield code="a">(CStRLIN)PAUGEAX3975-B</marc:subfield>
		</marc:datafield>
		<marc:datafield ind1=" " ind2=" " tag="035">
			<marc:subfield code="9">EAX3975</marc:subfield>
		</marc:datafield>
		<marc:datafield ind1=" " ind2=" " tag="035">
			<marc:subfield code="a">1798493</marc:subfield>
		</marc:datafield>
		<marc:datafield ind1=" " ind2=" " tag="040">
			<marc:subfield code="a">PU</marc:subfield>
			<marc:subfield code="c">PU</marc:subfield>
		</marc:datafield>
		<marc:datafield ind1=" " ind2=" " tag="090">
			<marc:subfield code="f">h</marc:subfield>
			<marc:subfield code="n">\jl\</marc:subfield>
		</marc:datafield>
		<marc:datafield ind1="0" ind2="0" tag="245">
			<marc:subfield code="a">Constantia and her daughter Julia :</marc:subfield>
			<marc:subfield code="b">an Italian history : with a discourse on romances.</marc:subfield>
		</marc:datafield>
		<marc:datafield ind1="0" ind2="0" tag="246">
			<marc:subfield code="a">Constantia and her daughter Julia, an Italian history; with a discourse on romances. Vol. I.</marc:subfield>
			<marc:subfield code="d">Letter-press</marc:subfield>
			<marc:subfield code="g">Full</marc:subfield>
			<marc:subfield code="x">Volume</marc:subfield>
			<marc:subfield code="v">v.1</marc:subfield>
		</marc:datafield>
		<marc:datafield ind1="0" ind2="0" tag="246">
			<marc:subfield code="a">Constantia and her daughter Julia, an Italian history; with a discourse on romances. Vol. II.</marc:subfield>
			<marc:subfield code="d">Letter-press</marc:subfield>
			<marc:subfield code="g">Full</marc:subfield>
			<marc:subfield code="x">Volume</marc:subfield>
			<marc:subfield code="v">v.2</marc:subfield>
		</marc:datafield>
		<marc:datafield ind1="0" ind2="7" tag="246">
			<marc:subfield code="a">The history of Constantia.</marc:subfield>
			<marc:subfield code="v">v.1</marc:subfield>
			<marc:subfield code="v">v.2</marc:subfield>
		</marc:datafield>
		<marc:datafield ind1="0" ind2="7" tag="246">
			<marc:subfield code="a">The history of (verso)</marc:subfield>
			<marc:subfield code="a">Constantia. (recto)</marc:subfield>
			<marc:subfield code="v">v.1</marc:subfield>
			<marc:subfield code="v">v.2</marc:subfield>
		</marc:datafield>
		<marc:datafield ind1=" " ind2=" " tag="260">
			<marc:subfield code="a">Dublin</marc:subfield>
			<marc:subfield code="b">Printed by D. Chamberlaine, J. Potts, J. Hoey, jun. J. Williams, and C. Ingham.</marc:subfield>
			<marc:subfield code="c">M,DCC,LXIX.</marc:subfield>
			<marc:subfield code="c">1769.</marc:subfield>
			<marc:subfield code="v">v.1</marc:subfield>
			<marc:subfield code="v">v.2</marc:subfield>
		</marc:datafield>
		<marc:datafield ind1=" " ind2=" " tag="300">
			<marc:subfield code="a">2 v. ;</marc:subfield>
			<marc:subfield code="c">17 cm.</marc:subfield>
			<marc:subfield code="x">Duodecimo</marc:subfield>
		</marc:datafield>
		<marc:datafield ind1=" " ind2=" " tag="500">
			<marc:subfield code="a">Two volumes bound together. After v.1 ends, p.136, pagination restarts from 3.</marc:subfield>
		</marc:datafield>
		<marc:datafield ind1=" " ind2=" " tag="500">
			<marc:subfield code="a">Library-related marginalia; pencil and ink; back paste-down endpaper.</marc:subfield>
		</marc:datafield>
		<marc:datafield ind1=" " ind2=" " tag="500">
			<marc:subfield code="a">J. Williams and C. Ingham, printed by, do not have VIAF entries. Their full names and Williams's death date were sourced from A dictionary of members of the Dublin book trade 1550-1800 (Pollard).</marc:subfield>
		</marc:datafield>
		<marc:datafield ind1=" " ind2=" " tag="500">
			<marc:subfield code="a">Essay proposes that history is fictional: "...The boasted histories they continually have in their hands, and so much admire, are for the most part but rough compilations of dates and supposed events, which have all the fiction of a romance without being so interesting, or supported with equal grace, style, or probability: the existence of their Semiramis, Romulus, and Cyrus is as difficult to prove as that of those heroes who are stiled children of the imagination."</marc:subfield>
		</marc:datafield>
		<marc:datafield ind1="4" ind2=" " tag="510">
			<marc:subfield code="a">ESTC (RLIN)</marc:subfield>
			<marc:subfield code="c">N68051</marc:subfield>
		</marc:datafield>
		<marc:datafield ind1="4" ind2=" " tag="510">
			<marc:subfield code="a">Raven, J.  British fiction, 1750-1770,</marc:subfield>
			<marc:subfield code="c">1261</marc:subfield>
		</marc:datafield>
		<marc:datafield ind1=" " ind2=" " tag="520">
			<marc:subfield code="a">Note</marc:subfield>
			<marc:subfield code="b">Advertisement</marc:subfield>
			<marc:subfield code="c">Front</marc:subfield>
			<marc:subfield code="v">v.1</marc:subfield>
			<marc:subfield code="x">Note preceding A discourse on romance. Transcription: "The enemies of fiction will no doubt read the following history with great satisfaction, when they are assured that the story is grounded on a real fact; and that Constantia was daughter to the Marquis of Spinola, of a very illustrious family in Italy."</marc:subfield>
		</marc:datafield>
		<marc:datafield ind1=" " ind2=" " tag="520">
			<marc:subfield code="a">Essay</marc:subfield>
			<marc:subfield code="b">A discourse on romances.</marc:subfield>
			<marc:subfield code="c">Front</marc:subfield>
			<marc:subfield code="v">v.1</marc:subfield>
			<marc:subfield code="x">Essay provides a defense of sentimentality and fiction: "There are certain people that seem almost a different species from the rest of mankind, who cannot pardon tear or a tender emotion or representation of fiction has drawn from them."</marc:subfield>
		</marc:datafield>
		<marc:datafield ind1=" " ind2=" " tag="590">
			<marc:subfield code="a">Singer-Mendenhall copy bound in 1.</marc:subfield>
		</marc:datafield>
		<marc:datafield ind1=" " ind2=" " tag="592">
			<marc:subfield code="a">Third-person</marc:subfield>
			<marc:subfield code="b">First-person</marc:subfield>
		</marc:datafield>
		<marc:datafield ind1=" " ind2=" " tag="595">
			<marc:subfield code="a">Ink</marc:subfield>
			<marc:subfield code="b">Words</marc:subfield>
			<marc:subfield code="v">v.1</marc:subfield>
			<marc:subfield code="x">Words illegible; appear to be stamped. Located p.68.</marc:subfield>
		</marc:datafield>
		<marc:datafield ind1=" " ind2=" " tag="595">
			<marc:subfield code="a">Ink</marc:subfield>
			<marc:subfield code="b">Numbers</marc:subfield>
			<marc:subfield code="b">Words</marc:subfield>
			<marc:subfield code="x">"28L" written recto front free endpaper.</marc:subfield>
		</marc:datafield>
		<marc:datafield ind1=" " ind2=" " tag="595">
			<marc:subfield code="a">Pencil</marc:subfield>
			<marc:subfield code="b">Numbers</marc:subfield>
			<marc:subfield code="b">Words</marc:subfield>
			<marc:subfield code="x">"E 4-4" written front paste-down endpaper.</marc:subfield>
		</marc:datafield>
		<marc:datafield ind1=" " ind2=" " tag="595">
			<marc:subfield code="a">Pencil</marc:subfield>
			<marc:subfield code="b">Reader markings</marc:subfield>
			<marc:subfield code="x">A faded circle mark, front paste-down endpaper.</marc:subfield>
		</marc:datafield>
		<marc:datafield ind1=" " ind2="4" tag="650">
			<marc:subfield code="a">CHR 1769</marc:subfield>
		</marc:datafield>
		<marc:datafield ind1=" " ind2=" " tag="700">
			<marc:subfield code="a">Chamberlaine, Dillon</marc:subfield>
			<marc:subfield code="4">Printed by</marc:subfield>
			<marc:subfield code="5">Authorized</marc:subfield>
		</marc:datafield>
		<marc:datafield ind1=" " ind2=" " tag="700">
			<marc:subfield code="a">Potts, James</marc:subfield>
			<marc:subfield code="d">fl. 1761-1796</marc:subfield>
			<marc:subfield code="4">Printed by</marc:subfield>
			<marc:subfield code="5">Authorized</marc:subfield>
		</marc:datafield>
		<marc:datafield ind1=" " ind2=" " tag="700">
			<marc:subfield code="a">Hoey, James</marc:subfield>
			<marc:subfield code="d">active 1759-1781</marc:subfield>
			<marc:subfield code="4">Printed by</marc:subfield>
			<marc:subfield code="5">Authorized</marc:subfield>
		</marc:datafield>
		<marc:datafield ind1=" " ind2=" " tag="700">
			<marc:subfield code="a">Williams, James</marc:subfield>
			<marc:subfield code="d">-1787</marc:subfield>
			<marc:subfield code="4">Printed by</marc:subfield>
			<marc:subfield code="5">Unauthorized</marc:subfield>
		</marc:datafield>
		<marc:datafield ind1=" " ind2=" " tag="700">
			<marc:subfield code="a">Ingham, Charles</marc:subfield>
			<marc:subfield code="4">Printed by</marc:subfield>
			<marc:subfield code="5">Unauthorized</marc:subfield>
		</marc:datafield>
		<marc:datafield ind1=" " ind2=" " tag="710">
			<marc:subfield code="a">Chamberlaine, Potts, Hoey, Williams, and Ingham.</marc:subfield>
			<marc:subfield code="4">Printed by</marc:subfield>
			<marc:subfield code="5">Unauthorized</marc:subfield>
		</marc:datafield>
		<marc:datafield ind1="2" ind2=" " tag="710">
			<marc:subfield code="a">Collection of British and American Fiction, 1660-1830 (University of Pennsylvania)</marc:subfield>
			<marc:subfield code="5">PU</marc:subfield>
		</marc:datafield>
		<marc:datafield ind1="2" ind2=" " tag="710">
			<marc:subfield code="a">Early Novels</marc:subfield>
			<marc:subfield code="5">University of Pennsylvania</marc:subfield>
		</marc:datafield>
		<marc:datafield ind1=" " ind2=" " tag="948">
			<marc:subfield code="a">jl</marc:subfield>
		</marc:datafield>
		<marc:datafield ind1=" " ind2=" " tag="950">
			<marc:subfield code="l">RBC</marc:subfield>
			<marc:subfield code="a">PR3991.A1</marc:subfield>
			<marc:subfield code="b">C6643 1769</marc:subfield>
			<marc:subfield code="i">01/01/01 N</marc:subfield>
			<marc:subfield code="x">010</marc:subfield>
		</marc:datafield>
		<marc:datafield ind1=" " ind2=" " tag="955">
			<marc:subfield code="l">RBC</marc:subfield>
			<marc:subfield code="c">1:v.1-2</marc:subfield>
			<marc:subfield code="s">55-1759</marc:subfield>
			<marc:subfield code="s">87050</marc:subfield>
			<marc:subfield code="s">bound in one volume</marc:subfield>
			<marc:subfield code="s">recl fr EC75/A100/769c</marc:subfield>
		</marc:datafield>
		<marc:datafield ind1=" " ind2=" " tag="989">
			<marc:subfield code="5">Constantia</marc:subfield>
			<marc:subfield code="2">Daughter</marc:subfield>
			<marc:subfield code="5">Julia</marc:subfield>
			<marc:subfield code="3">Italian</marc:subfield>
			<marc:subfield code="2">History</marc:subfield>
			<marc:subfield code="2">Discourse</marc:subfield>
			<marc:subfield code="2">Romance</marc:subfield>
		</marc:datafield>
		<marc:datafield ind1=" " ind2=" " tag="998">
			<marc:subfield code="n">PU</marc:subfield>
			<marc:subfield code="z">BNA</marc:subfield>
		</marc:datafield>
		<marc:datafield ind1=" " ind2=" " tag="999">
			<marc:subfield code="a">KGP</marc:subfield>
			<marc:subfield code="b">7/13/15</marc:subfield>
			<marc:subfield code="c">Haverford College</marc:subfield>
			<marc:subfield code="d">NB</marc:subfield>
		</marc:datafield>
	</marc:record>