
	<marc:record>
		<marc:leader>01144cam a2200289 a 4500</marc:leader>
		<marc:controlfield tag="001">199113</marc:controlfield>
		<marc:controlfield tag="005">20141120170640.0</marc:controlfield>
		<marc:controlfield tag="008">851216s1768    enk           00010 eng d</marc:controlfield>
		<marc:datafield ind1=" " ind2=" " tag="035">
			<marc:subfield code="a">(OCoLC)ocm16109682</marc:subfield>
		</marc:datafield>
		<marc:datafield ind1=" " ind2=" " tag="035">
			<marc:subfield code="a">(OCoLC)16109682</marc:subfield>
		</marc:datafield>
		<marc:datafield ind1=" " ind2=" " tag="035">
			<marc:subfield code="a">(CStRLIN)PAUG85-B44298</marc:subfield>
		</marc:datafield>
		<marc:datafield ind1=" " ind2=" " tag="035">
			<marc:subfield code="a">(CaOTULAS)121281706</marc:subfield>
		</marc:datafield>
		<marc:datafield ind1=" " ind2=" " tag="035">
			<marc:subfield code="9">ABC4010</marc:subfield>
		</marc:datafield>
		<marc:datafield ind1=" " ind2=" " tag="035">
			<marc:subfield code="a">199113</marc:subfield>
		</marc:datafield>
		<marc:datafield ind1=" " ind2=" " tag="040">
			<marc:subfield code="a">PU</marc:subfield>
			<marc:subfield code="c">PU</marc:subfield>
		</marc:datafield>
		<marc:datafield ind1=" " ind2=" " tag="090">
			<marc:subfield code="a">PR3291.A6</marc:subfield>
			<marc:subfield code="b">E35 1768</marc:subfield>
			<marc:subfield code="i">12/16/85 CT</marc:subfield>
		</marc:datafield>
		<marc:datafield ind1="0" ind2=" " tag="100">
			<marc:subfield code="a">Editor of the Wanderer.</marc:subfield>
		</marc:datafield>
		<marc:datafield ind1="1" ind2="4" tag="245">
			<marc:subfield code="a">The happy extravagant, or Memoirs of Charles Clairville, Esq. :</marc:subfield>
			<marc:subfield code="b">in two volumes /</marc:subfield>
			<marc:subfield code="c">by the editor of the Wanderer.</marc:subfield>
		</marc:datafield>
		<marc:datafield ind1="1" ind2="4" tag="246">
			<marc:subfield code="a">The happy extravagant: or, memoirs of Charles Clairville, Esq. In two volumes. Vol. I. By the editor of the Wanderer.</marc:subfield>
			<marc:subfield code="d">Letter-press</marc:subfield>
			<marc:subfield code="g">Full</marc:subfield>
			<marc:subfield code="x">Volume</marc:subfield>
			<marc:subfield code="v">v.1</marc:subfield>
		</marc:datafield>
		<marc:datafield ind1="1" ind2="4" tag="246">
			<marc:subfield code="a">The happy extravagant: or, memoirs of Charles Clairville, Esq. In two volumes. Vol. II. By the editor of the Wanderer.</marc:subfield>
			<marc:subfield code="d">Letter-press</marc:subfield>
			<marc:subfield code="g">Full</marc:subfield>
			<marc:subfield code="x">Volume</marc:subfield>
			<marc:subfield code="v">v.2</marc:subfield>
		</marc:datafield>
		<marc:datafield ind1="0" ind2="7" tag="246">
			<marc:subfield code="a">The happy extravagant.</marc:subfield>
			<marc:subfield code="v">v.1</marc:subfield>
			<marc:subfield code="v">v.2</marc:subfield>
		</marc:datafield>
		<marc:datafield ind1="0" ind2="7" tag="246">
			<marc:subfield code="a">The happy extravagant.</marc:subfield>
			<marc:subfield code="d">The happy extravagant. (recto)</marc:subfield>
			<marc:subfield code="g">The happy extravagant. (verso)</marc:subfield>
			<marc:subfield code="v">v.1</marc:subfield>
			<marc:subfield code="v">v.2</marc:subfield>
		</marc:datafield>
		<marc:datafield ind1=" " ind2=" " tag="260">
			<marc:subfield code="a">London</marc:subfield>
			<marc:subfield code="b">Printed for Francis Noble, at his circulating library in Middle Row, Holborn; and John Noble, at his circulating library in St. Martin's Court, near Leicester-Square.</marc:subfield>
			<marc:subfield code="c">MDCCLXVIII</marc:subfield>
			<marc:subfield code="c">1768.</marc:subfield>
			<marc:subfield code="v">v.1</marc:subfield>
			<marc:subfield code="v">v.2</marc:subfield>
		</marc:datafield>
		<marc:datafield ind1=" " ind2=" " tag="300">
			<marc:subfield code="a">2 v. ;</marc:subfield>
			<marc:subfield code="c">17 cm. (12mo)</marc:subfield>
			<marc:subfield code="x">Duodecimo</marc:subfield>
			<marc:subfield code="z">In two volumes.</marc:subfield>
		</marc:datafield>
		<marc:datafield ind1=" " ind2=" " tag="500">
			<marc:subfield code="a">Library related marginalia; pencil; words and numbers; v.1 and v.2, back paste-down endpaper.</marc:subfield>
		</marc:datafield>
		<marc:datafield ind1=" " ind2=" " tag="500">
			<marc:subfield code="a">"Singer-Mendenhall" stamped in ink, v.1 and v.2, back paste-down endpaper.</marc:subfield>
		</marc:datafield>
		<marc:datafield ind1=" " ind2=" " tag="500">
			<marc:subfield code="a">Library, Singer-Mendenhall Collection slip with book information, v.1.</marc:subfield>
		</marc:datafield>
		<marc:datafield ind1=" " ind2=" " tag="500">
			<marc:subfield code="a">Margin, p.v of v.2 Table of contents torn or cut. Text unaffected.</marc:subfield>
		</marc:datafield>
		<marc:datafield ind1=" " ind2=" " tag="500">
			<marc:subfield code="a">Dedication ironically mocks the convention of dedications: "Were I disposed, like other dedicators, to give the public a detail of my patron's virtues, I could fill a whole volume with yours; but knowing that you have a very great aversion to flattery, I forbear in complement to your modesty; else might I enumerate a long train of ancient perfections, and disinterested virtues, which you inherit from your ancestors, and which of late, indeed, I believe Nobody has laid a just claim to[...]When all my friends dropped from my side, you generously stood by me; and it is to you, alone, that I owe, at present (under heaven), my rank, as an author, and my very existence, as a man." (v-vi).</marc:subfield>
		</marc:datafield>
		<marc:datafield ind1=" " ind2=" " tag="500">
			<marc:subfield code="a">Dialogue indicated by single quotation marks.</marc:subfield>
		</marc:datafield>
		<marc:datafield ind1=" " ind2=" " tag="500">
			<marc:subfield code="a">Character names occasionally abridged with dashes or asterisks, i.e.: "Lord V-----" (p.226) and "the marchioness of R***" (p.227).</marc:subfield>
		</marc:datafield>
		<marc:datafield ind1=" " ind2=" " tag="500">
			<marc:subfield code="a">Narrative ends with reference to textuality of the work: "If his adventures have appeared in any ways striking, they may perhaps, in some measure, prove useful also; according to that well-known maxim, by which men sometimes make the experience of others their own. If this should be the case, and if any one should find himself profitably amused, while he peruses these sheets, the intent of the editor will not be entirely frustrated, nor will he deem the time bestowed on the work wholly thrown away."</marc:subfield>
		</marc:datafield>
		<marc:datafield ind1="4" ind2=" " tag="510">
			<marc:subfield code="a">ESTC (RLIN)</marc:subfield>
			<marc:subfield code="c">N7276</marc:subfield>
		</marc:datafield>
		<marc:datafield ind1="4" ind2=" " tag="510">
			<marc:subfield code="a">Raven, J.  British fiction, 1750-1770,</marc:subfield>
			<marc:subfield code="c">1181</marc:subfield>
		</marc:datafield>
		<marc:datafield ind1=" " ind2=" " tag="520">
			<marc:subfield code="a">Dedication</marc:subfield>
			<marc:subfield code="b">To my worthy friend, and ever-honoured patron, Nobody.</marc:subfield>
			<marc:subfield code="c">Front</marc:subfield>
			<marc:subfield code="v">v.1</marc:subfield>
			<marc:subfield code="x">"Most respectable sir, At a time, like this, when literary productions are so cheap, and literary merit is so much disregarded, you will permit me to lay at your feet this little piece; in favour of which, I promise myself to meet with your patronage and protection."</marc:subfield>
		</marc:datafield>
		<marc:datafield ind1=" " ind2=" " tag="520">
			<marc:subfield code="a">Table of contents</marc:subfield>
			<marc:subfield code="b">The contents of the first volume.</marc:subfield>
			<marc:subfield code="c">Front</marc:subfield>
			<marc:subfield code="v">v.1</marc:subfield>
			<marc:subfield code="x">"Chap. I. Reflexions--Birth of our hero--his mal-treatment by his father-in-law--Removed to his uncle and guardian's house."</marc:subfield>
		</marc:datafield>
		<marc:datafield ind1=" " ind2=" " tag="520">
			<marc:subfield code="a">Table of contents</marc:subfield>
			<marc:subfield code="b">The contents of the second volume.</marc:subfield>
			<marc:subfield code="c">Front</marc:subfield>
			<marc:subfield code="v">v.2</marc:subfield>
			<marc:subfield code="x">"Chap. I. Charles employed by Mr. Barton--Description of that gentleman's daughter--some reflexions on love"</marc:subfield>
		</marc:datafield>
		<marc:datafield ind1=" " ind2=" " tag="591">
			<marc:subfield code="a">Quid deceat, quid non;--quò ferat error.</marc:subfield>
			<marc:subfield code="2">Hor.</marc:subfield>
			<marc:subfield code="c">Horace</marc:subfield>
			<marc:subfield code="d">What is proper, what not;--[to/from] which error leads us.</marc:subfield>
			<marc:subfield code="v">v.1</marc:subfield>
			<marc:subfield code="v">v.2</marc:subfield>
			<marc:subfield code="x">Located title page both volumes. Likely from Q. Horatti Flacci Opera, edited by André Dacier.</marc:subfield>
		</marc:datafield>
		<marc:datafield ind1=" " ind2=" " tag="592">
			<marc:subfield code="a">Third-person</marc:subfield>
			<marc:subfield code="b">Letters</marc:subfield>
			<marc:subfield code="x">Letters by characters are included v.2, pp. 15-6, 63-7, 69-70.</marc:subfield>
		</marc:datafield>
		<marc:datafield ind1=" " ind2=" " tag="595">
			<marc:subfield code="a">Pencil</marc:subfield>
			<marc:subfield code="b">Editorial markings</marc:subfield>
			<marc:subfield code="v">v.2</marc:subfield>
			<marc:subfield code="x">"Memoirs of Clairville" marked recto, third leaf of front free endpaper.</marc:subfield>
		</marc:datafield>
		<marc:datafield ind1=" " ind2=" " tag="595">
			<marc:subfield code="a">Pencil</marc:subfield>
			<marc:subfield code="b">Words</marc:subfield>
			<marc:subfield code="b">Numbers</marc:subfield>
			<marc:subfield code="v">v.1</marc:subfield>
			<marc:subfield code="x">"I 7.4" marked front paste-down endpaper</marc:subfield>
		</marc:datafield>
		<marc:datafield ind1=" " ind2=" " tag="595">
			<marc:subfield code="a">Pencil</marc:subfield>
			<marc:subfield code="b">Words</marc:subfield>
			<marc:subfield code="b">Numbers</marc:subfield>
			<marc:subfield code="v">v.1</marc:subfield>
			<marc:subfield code="x">"I 7.5" marked front paste-down endpaper</marc:subfield>
		</marc:datafield>
		<marc:datafield ind1=" " ind2=" " tag="599">
			<marc:subfield code="a">Author (text)</marc:subfield>
			<marc:subfield code="b">Reference to other works</marc:subfield>
			<marc:subfield code="2">By the editor of The wanderer.</marc:subfield>
			<marc:subfield code="3">Title page</marc:subfield>
			<marc:subfield code="5">Indeterminate</marc:subfield>
			<marc:subfield code="6">Unknown</marc:subfield>
			<marc:subfield code="7">Dedication suggests a male author: "[...]It is to you, alone, that I owe, at present (under heaven), my rank as an author, and my very existence, as a man."</marc:subfield>
		</marc:datafield>
		<marc:datafield ind1=" " ind2=" " tag="599">
			<marc:subfield code="a">Author (paratext)</marc:subfield>
			<marc:subfield code="b">Generic/Descriptive</marc:subfield>
			<marc:subfield code="2">[..]It is to you, alone, that I owe, at present (under heaven), my rank as an author, and my very existence, as a man[...] Your very obliged, and entirely devoted servant, the editor.</marc:subfield>
			<marc:subfield code="3">Dedication</marc:subfield>
			<marc:subfield code="5">Male</marc:subfield>
			<marc:subfield code="6">Unknown</marc:subfield>
		</marc:datafield>
		<marc:datafield ind1=" " ind2="4" tag="650">
			<marc:subfield code="a">CHR 1768</marc:subfield>
		</marc:datafield>
		<marc:datafield ind1=" " ind2="4" tag="650">
			<marc:subfield code="a">PRO Mendenhall, John C. (donor)</marc:subfield>
		</marc:datafield>
		<marc:datafield ind1=" " ind2=" " tag="656">
			<marc:subfield code="a">Fiction</marc:subfield>
			<marc:subfield code="b">Back</marc:subfield>
			<marc:subfield code="c">Same publisher</marc:subfield>
			<marc:subfield code="v">v.1</marc:subfield>
		</marc:datafield>
		<marc:datafield ind1=" " ind2=" " tag="700">
			<marc:subfield code="a">Noble, Francis</marc:subfield>
			<marc:subfield code="d">-1792</marc:subfield>
			<marc:subfield code="4">Printed for</marc:subfield>
			<marc:subfield code="5">Authorized</marc:subfield>
		</marc:datafield>
		<marc:datafield ind1=" " ind2=" " tag="700">
			<marc:subfield code="a">John Noble</marc:subfield>
			<marc:subfield code="4">Printed for</marc:subfield>
			<marc:subfield code="5">Unauthorized</marc:subfield>
		</marc:datafield>
		<marc:datafield ind1=" " ind2=" " tag="710">
			<marc:subfield code="a">Francis and John Noble</marc:subfield>
			<marc:subfield code="4">Printed for</marc:subfield>
			<marc:subfield code="5">Authorized</marc:subfield>
		</marc:datafield>
		<marc:datafield ind1="2" ind2=" " tag="710">
			<marc:subfield code="a">Collection of British and American Fiction, 1660-1830 (University of Pennsylvania)</marc:subfield>
			<marc:subfield code="5">PU</marc:subfield>
		</marc:datafield>
		<marc:datafield ind1="2" ind2=" " tag="710">
			<marc:subfield code="a">Early Novels</marc:subfield>
			<marc:subfield code="5">University of Pennsylvania</marc:subfield>
		</marc:datafield>
		<marc:datafield ind1=" " ind2=" " tag="950">
			<marc:subfield code="l">RBC</marc:subfield>
			<marc:subfield code="e">\\Singer-\Menden-\hall\</marc:subfield>
			<marc:subfield code="v">2 v.</marc:subfield>
			<marc:subfield code="i">12/16/85 C</marc:subfield>
		</marc:datafield>
		<marc:datafield ind1=" " ind2=" " tag="955">
			<marc:subfield code="l">RBC</marc:subfield>
			<marc:subfield code="c">1:(v.1-2)</marc:subfield>
			<marc:subfield code="q">50-845</marc:subfield>
			<marc:subfield code="s">g. John C. Mendenhall</marc:subfield>
			<marc:subfield code="i">12/16/85 C</marc:subfield>
		</marc:datafield>
		<marc:datafield ind1=" " ind2=" " tag="989">
			<marc:subfield code="3">Happy</marc:subfield>
			<marc:subfield code="2">Extravagant</marc:subfield>
			<marc:subfield code="2">Memoir</marc:subfield>
			<marc:subfield code="5">Charles Clairville, Esq.</marc:subfield>
			<marc:subfield code="2">Esquire</marc:subfield>
			<marc:subfield code="3">Two</marc:subfield>
			<marc:subfield code="2">Volume</marc:subfield>
			<marc:subfield code="1">Wanderer</marc:subfield>
			<marc:subfield code="2">Editor</marc:subfield>
			<marc:subfield code="2">Wanderer</marc:subfield>
		</marc:datafield>
		<marc:datafield ind1=" " ind2=" " tag="999">
			<marc:subfield code="a">KGP</marc:subfield>
			<marc:subfield code="b">6/26-27/15</marc:subfield>
			<marc:subfield code="c">Haverford College</marc:subfield>
			<marc:subfield code="d">YDS</marc:subfield>
		</marc:datafield>
	</marc:record>