
	<marc:record>
		<marc:leader>01158cam a2200301 a 4500</marc:leader>
		<marc:controlfield tag="001">194946</marc:controlfield>
		<marc:controlfield tag="005">20141120164618.0</marc:controlfield>
		<marc:controlfield tag="008">851017s1762    ie            00000 eng d</marc:controlfield>
		<marc:datafield ind1=" " ind2=" " tag="035">
			<marc:subfield code="a">(OCoLC)ocm16112448</marc:subfield>
		</marc:datafield>
		<marc:datafield ind1=" " ind2=" " tag="035">
			<marc:subfield code="a">(OCoLC)16112448</marc:subfield>
		</marc:datafield>
		<marc:datafield ind1=" " ind2=" " tag="035">
			<marc:subfield code="a">(CStRLIN)PAUG85-B36911</marc:subfield>
		</marc:datafield>
		<marc:datafield ind1=" " ind2=" " tag="035">
			<marc:subfield code="a">(CaOTULAS)121276029</marc:subfield>
		</marc:datafield>
		<marc:datafield ind1=" " ind2=" " tag="035">
			<marc:subfield code="9">ABB9438</marc:subfield>
		</marc:datafield>
		<marc:datafield ind1=" " ind2=" " tag="035">
			<marc:subfield code="a">194946</marc:subfield>
		</marc:datafield>
		<marc:datafield ind1=" " ind2=" " tag="040">
			<marc:subfield code="a">PU</marc:subfield>
			<marc:subfield code="c">PU</marc:subfield>
		</marc:datafield>
		<marc:datafield ind1=" " ind2=" " tag="090">
			<marc:subfield code="a">PR3369.C19</marc:subfield>
			<marc:subfield code="b">L4 1762b</marc:subfield>
			<marc:subfield code="i">10/21/85 CT</marc:subfield>
		</marc:datafield>
		<marc:datafield ind1="1" ind2="0" tag="100">
			<marc:subfield code="a">Cooper, Maria Susanna.</marc:subfield>
		</marc:datafield>
		<marc:datafield ind1="1" ind2="0" tag="245">
			<marc:subfield code="a">Letters between Emilia and Harriet :</marc:subfield>
			<marc:subfield code="b">on a variety of familiar and interesting occasions.</marc:subfield>
		</marc:datafield>
		<marc:datafield ind1=" " ind2=" " tag="246">
			<marc:subfield code="a">Letters between Emilia and Harriet.</marc:subfield>
			<marc:subfield code="d">Letter-press</marc:subfield>
			<marc:subfield code="g">Half</marc:subfield>
			<marc:subfield code="x">Work</marc:subfield>
		</marc:datafield>
		<marc:datafield ind1=" " ind2=" " tag="246">
			<marc:subfield code="a">Letters between Emilia and Harriet. On a variety of familiar and interesting occasions.</marc:subfield>
			<marc:subfield code="d">Letter-press</marc:subfield>
			<marc:subfield code="g">Full</marc:subfield>
			<marc:subfield code="x">Work</marc:subfield>
		</marc:datafield>
		<marc:datafield ind1="0" ind2="7" tag="246">
			<marc:subfield code="a">Letters between Emilia and Harriet.</marc:subfield>
		</marc:datafield>
		<marc:datafield ind1="0" ind2="7" tag="246">
			<marc:subfield code="a">Letters between (verso)</marc:subfield>
			<marc:subfield code="a">Emilia and Harriet. (recto)</marc:subfield>
		</marc:datafield>
		<marc:datafield ind1="0" ind2=" " tag="260">
			<marc:subfield code="a">Dublin</marc:subfield>
			<marc:subfield code="b">Printed for Peter Wilson, John Exshaw, Henry Saunders, and James Potts.</marc:subfield>
			<marc:subfield code="c">MDCCLXII.</marc:subfield>
			<marc:subfield code="c">1762</marc:subfield>
		</marc:datafield>
		<marc:datafield ind1=" " ind2=" " tag="300">
			<marc:subfield code="a">[11], 14-180 p. ;</marc:subfield>
			<marc:subfield code="c">19 cm. (12mo)</marc:subfield>
			<marc:subfield code="x">Duodecimo</marc:subfield>
		</marc:datafield>
		<marc:datafield ind1=" " ind2=" " tag="500">
			<marc:subfield code="a">Published anonymously.  By Maria Susannah Cooper.  Cf. BM.</marc:subfield>
		</marc:datafield>
		<marc:datafield ind1=" " ind2=" " tag="500">
			<marc:subfield code="a">Library marginalia on verso of full title page, Advertisement page, p. 180, and verso back free endpaper.</marc:subfield>
		</marc:datafield>
		<marc:datafield ind1=" " ind2=" " tag="500">
			<marc:subfield code="a">Library bookplate on front paste-down endpaper.</marc:subfield>
		</marc:datafield>
		<marc:datafield ind1=" " ind2=" " tag="500">
			<marc:subfield code="a">Reprint of the London (1762) ed.</marc:subfield>
		</marc:datafield>
		<marc:datafield ind1="4" ind2=" " tag="510">
			<marc:subfield code="a">ESTC (RLIN)</marc:subfield>
			<marc:subfield code="c">N2493</marc:subfield>
		</marc:datafield>
		<marc:datafield ind1="4" ind2=" " tag="510">
			<marc:subfield code="a">Raven, J.  British fiction, 1750-1770,</marc:subfield>
			<marc:subfield code="c">709</marc:subfield>
		</marc:datafield>
		<marc:datafield ind1=" " ind2=" " tag="520">
			<marc:subfield code="a">Advertisement</marc:subfield>
			<marc:subfield code="b">Advertisement to the reader.</marc:subfield>
			<marc:subfield code="c">Front</marc:subfield>
			<marc:subfield code="x">"The editor assures the reader, that the following letters are published, with the consent of the writers."</marc:subfield>
		</marc:datafield>
		<marc:datafield ind1=" " ind2=" " tag="520">
			<marc:subfield code="a">Table of contents</marc:subfield>
			<marc:subfield code="b">Contents.</marc:subfield>
			<marc:subfield code="c">Front</marc:subfield>
			<marc:subfield code="x">First lines: "Letter I. Harriet to Emilia -- Page 13"</marc:subfield>
			<marc:subfield code="x">Includes page numbers for the three poems enclosed in characters' letters.</marc:subfield>
		</marc:datafield>
		<marc:datafield ind1=" " ind2=" " tag="520">
			<marc:subfield code="a">Footnote</marc:subfield>
			<marc:subfield code="c">Middle</marc:subfield>
			<marc:subfield code="x">Only one, on p. 46. Letter mentions a "philosopher of Greece"; footnote reads "Solon."</marc:subfield>
		</marc:datafield>
		<marc:datafield ind1=" " ind2=" " tag="592">
			<marc:subfield code="a">Epistolary</marc:subfield>
			<marc:subfield code="c">Poems</marc:subfield>
			<marc:subfield code="x">Poems "inclosed" in letters on pp. 38-9, 65-8, 126-130.</marc:subfield>
		</marc:datafield>
		<marc:datafield ind1=" " ind2=" " tag="595">
			<marc:subfield code="a">Pencil</marc:subfield>
			<marc:subfield code="b">Words</marc:subfield>
			<marc:subfield code="b">Numbers</marc:subfield>
			<marc:subfield code="x">"2-15-0 Watt gives the first edition as 3 years later" written on front free endpaper (recto). Numbers appear on Advertisement page and verso second-to-last leaf.</marc:subfield>
		</marc:datafield>
		<marc:datafield ind1=" " ind2=" " tag="595">
			<marc:subfield code="a">Ink</marc:subfield>
			<marc:subfield code="b">Reader markings</marc:subfield>
			<marc:subfield code="x">Small square drawn next to the margin of p. 172; unclear if part of the printing or added by a reader.</marc:subfield>
		</marc:datafield>
		<marc:datafield ind1=" " ind2=" " tag="599">
			<marc:subfield code="a">Author (text)</marc:subfield>
			<marc:subfield code="b">Generic/Descriptive</marc:subfield>
			<marc:subfield code="2">"the following letters are published, with the consent of the writers"</marc:subfield>
			<marc:subfield code="3">Advertisement</marc:subfield>
			<marc:subfield code="5">Female</marc:subfield>
			<marc:subfield code="6">Indeterminate</marc:subfield>
		</marc:datafield>
		<marc:datafield ind1=" " ind2=" " tag="599">
			<marc:subfield code="a">Author (text)</marc:subfield>
			<marc:subfield code="b">Proper name</marc:subfield>
			<marc:subfield code="2">"The lady, who signs herself Harriet, is desirous to have them [the letters] printed [...]"</marc:subfield>
			<marc:subfield code="3">Advertisement</marc:subfield>
			<marc:subfield code="5">Female</marc:subfield>
			<marc:subfield code="6">Indeterminate</marc:subfield>
		</marc:datafield>
		<marc:datafield ind1=" " ind2=" " tag="599">
			<marc:subfield code="a">Editor (text)</marc:subfield>
			<marc:subfield code="b">Generic/Descriptive</marc:subfield>
			<marc:subfield code="2">"The editor assures the reader, that the following letters are published, with the consent of the writers."</marc:subfield>
			<marc:subfield code="3">Advertisement</marc:subfield>
			<marc:subfield code="5">Indeterminate</marc:subfield>
			<marc:subfield code="6">Unknown</marc:subfield>
		</marc:datafield>
		<marc:datafield ind1=" " ind2=" " tag="599">
			<marc:subfield code="a">Author (paratext)</marc:subfield>
			<marc:subfield code="b">Generic/Descriptive</marc:subfield>
			<marc:subfield code="2">"The editor assures the reader, that the following letters are published, with the consent of the writers."</marc:subfield>
			<marc:subfield code="3">Advertisement</marc:subfield>
			<marc:subfield code="5">Indeterminate</marc:subfield>
			<marc:subfield code="6">Unknown</marc:subfield>
		</marc:datafield>
		<marc:datafield ind1=" " ind2=" " tag="599">
			<marc:subfield code="a">Author (text)</marc:subfield>
			<marc:subfield code="b">Generic/Descriptive</marc:subfield>
			<marc:subfield code="2">"The lady, who signs herself Harriet, is desirous to have them printed, that she may atone (to use her own expression) for her former folly..."</marc:subfield>
			<marc:subfield code="3">Advertisement</marc:subfield>
			<marc:subfield code="5">Female</marc:subfield>
			<marc:subfield code="7">"Harriet" is of course fictional; "Letters between Emilia and Harriet" is actually written by Maria Susannah Cooper.</marc:subfield>
		</marc:datafield>
		<marc:datafield ind1=" " ind2="4" tag="650">
			<marc:subfield code="a">CHR 1762</marc:subfield>
		</marc:datafield>
		<marc:datafield ind1=" " ind2="4" tag="700">
			<marc:subfield code="a">Cooper, Maria Susanna</marc:subfield>
			<marc:subfield code="4">Author (text)</marc:subfield>
			<marc:subfield code="5">Authorized</marc:subfield>
		</marc:datafield>
		<marc:datafield ind1=" " ind2="4" tag="700">
			<marc:subfield code="a">Peter Wilson</marc:subfield>
			<marc:subfield code="d">1720?-1802</marc:subfield>
			<marc:subfield code="4">Printed for</marc:subfield>
			<marc:subfield code="5">Authorized</marc:subfield>
		</marc:datafield>
		<marc:datafield ind1=" " ind2="4" tag="700">
			<marc:subfield code="a">Exshaw, John</marc:subfield>
			<marc:subfield code="d">17..-1777</marc:subfield>
			<marc:subfield code="4">Printed for</marc:subfield>
			<marc:subfield code="5">Authorized</marc:subfield>
		</marc:datafield>
		<marc:datafield ind1=" " ind2="4" tag="700">
			<marc:subfield code="a">Saunders, Henry</marc:subfield>
			<marc:subfield code="d">17..-1788</marc:subfield>
			<marc:subfield code="4">Printed for</marc:subfield>
			<marc:subfield code="5">Authorized</marc:subfield>
		</marc:datafield>
		<marc:datafield ind1=" " ind2="4" tag="700">
			<marc:subfield code="a">Potts, James</marc:subfield>
			<marc:subfield code="d">-1775</marc:subfield>
			<marc:subfield code="4">Printed for</marc:subfield>
			<marc:subfield code="5">Authorized</marc:subfield>
		</marc:datafield>
		<marc:datafield ind1="2" ind2=" " tag="710">
			<marc:subfield code="a">Collection of British and American Fiction, 1660-1830 (University of Pennsylvania)</marc:subfield>
			<marc:subfield code="5">PU</marc:subfield>
		</marc:datafield>
		<marc:datafield ind1="2" ind2=" " tag="710">
			<marc:subfield code="a">Early Novels</marc:subfield>
			<marc:subfield code="5">University of Pennsylvania</marc:subfield>
		</marc:datafield>
		<marc:datafield ind1=" " ind2=" " tag="900">
			<marc:subfield code="2">Letter</marc:subfield>
			<marc:subfield code="7">Letter</marc:subfield>
			<marc:subfield code="5">Emilia</marc:subfield>
			<marc:subfield code="5">Harriet</marc:subfield>
			<marc:subfield code="2">Variety</marc:subfield>
			<marc:subfield code="3">Familiar</marc:subfield>
			<marc:subfield code="3">Interesting</marc:subfield>
			<marc:subfield code="2">Occasion</marc:subfield>
		</marc:datafield>
		<marc:datafield ind1=" " ind2=" " tag="950">
			<marc:subfield code="l">RBC</marc:subfield>
			<marc:subfield code="e">\\Singer-\Menden-\hall\</marc:subfield>
			<marc:subfield code="i">10/21/85 C</marc:subfield>
		</marc:datafield>
		<marc:datafield ind1=" " ind2=" " tag="955">
			<marc:subfield code="l">RBC</marc:subfield>
			<marc:subfield code="c">1</marc:subfield>
			<marc:subfield code="q">726359</marc:subfield>
			<marc:subfield code="s">Godfrey F. Singer Mem.</marc:subfield>
			<marc:subfield code="i">10/21/85 C</marc:subfield>
		</marc:datafield>
		<marc:datafield ind1=" " ind2=" " tag="999">
			<marc:subfield code="a">YDS</marc:subfield>
			<marc:subfield code="b">7/7/15</marc:subfield>
			<marc:subfield code="c">Swarthmore College</marc:subfield>
			<marc:subfield code="d">IH</marc:subfield>
		</marc:datafield>
	</marc:record>