
	<marc:record>
		<marc:leader>01460cam a2200385 a 4500</marc:leader>
		<marc:controlfield tag="001">196212</marc:controlfield>
		<marc:controlfield tag="005">20141120165258.0</marc:controlfield>
		<marc:controlfield tag="008">851031s1769    ie            00000 eng d</marc:controlfield>
		<marc:datafield ind1=" " ind2=" " tag="035">
			<marc:subfield code="a">(OCoLC)ocm16110155</marc:subfield>
		</marc:datafield>
		<marc:datafield ind1=" " ind2=" " tag="035">
			<marc:subfield code="a">(OCoLC)16110155</marc:subfield>
		</marc:datafield>
		<marc:datafield ind1=" " ind2=" " tag="035">
			<marc:subfield code="a">(CStRLIN)PAUG85-B39163</marc:subfield>
		</marc:datafield>
		<marc:datafield ind1=" " ind2=" " tag="035">
			<marc:subfield code="a">(CaOTULAS)121280590</marc:subfield>
		</marc:datafield>
		<marc:datafield ind1=" " ind2=" " tag="035">
			<marc:subfield code="9">ABC0830</marc:subfield>
		</marc:datafield>
		<marc:datafield ind1=" " ind2=" " tag="035">
			<marc:subfield code="a">196212</marc:subfield>
		</marc:datafield>
		<marc:datafield ind1=" " ind2=" " tag="040">
			<marc:subfield code="a">PU</marc:subfield>
			<marc:subfield code="c">PU</marc:subfield>
		</marc:datafield>
		<marc:datafield ind1=" " ind2=" " tag="090">
			<marc:subfield code="a">PR3326.B37</marc:subfield>
			<marc:subfield code="b">H56 1769b</marc:subfield>
			<marc:subfield code="i">10/31/85 CT</marc:subfield>
		</marc:datafield>
		<marc:datafield ind1="1" ind2=" " tag="100">
			<marc:subfield code="a">Brooke, Frances,</marc:subfield>
			<marc:subfield code="d">1724?-1789.</marc:subfield>
		</marc:datafield>
		<marc:datafield ind1="1" ind2="4" tag="245">
			<marc:subfield code="a">The history of Emily Montague :</marc:subfield>
			<marc:subfield code="b">in four volumes /</marc:subfield>
			<marc:subfield code="c">by the author of Lady Julia Mandeville.</marc:subfield>
		</marc:datafield>
		<marc:datafield ind1="1" ind2="4" tag="246">
			<marc:subfield code="a">The history of Emily Montague. In four volumes. By the author of Lady Julia Mandeville.</marc:subfield>
			<marc:subfield code="d">Letter-press</marc:subfield>
			<marc:subfield code="g">Full</marc:subfield>
			<marc:subfield code="x">Volume</marc:subfield>
			<marc:subfield code="v">v.1</marc:subfield>
		</marc:datafield>
		<marc:datafield ind1="1" ind2="4" tag="246">
			<marc:subfield code="a">The history of Emily Montague. In four volumes. By the author of Lady Julia Mandeville.</marc:subfield>
			<marc:subfield code="d">Letter-press</marc:subfield>
			<marc:subfield code="g">Full</marc:subfield>
			<marc:subfield code="x">Volume</marc:subfield>
			<marc:subfield code="v">v.3</marc:subfield>
		</marc:datafield>
		<marc:datafield ind1="0" ind2="7" tag="246">
			<marc:subfield code="a">The history of Emily Montague.</marc:subfield>
			<marc:subfield code="v">v.1</marc:subfield>
			<marc:subfield code="v">v.2</marc:subfield>
			<marc:subfield code="v">v.3</marc:subfield>
			<marc:subfield code="v">v.4</marc:subfield>
		</marc:datafield>
		<marc:datafield ind1="0" ind2="7" tag="246">
			<marc:subfield code="a">The history of (verso)</marc:subfield>
			<marc:subfield code="a">Emily Montague (recto).</marc:subfield>
			<marc:subfield code="v">v.1</marc:subfield>
			<marc:subfield code="v">v.2</marc:subfield>
			<marc:subfield code="v">v.3</marc:subfield>
			<marc:subfield code="v">v.4</marc:subfield>
		</marc:datafield>
		<marc:datafield ind1=" " ind2=" " tag="260">
			<marc:subfield code="a">Dublin :</marc:subfield>
			<marc:subfield code="b">Printed for G. Faulkner, S. Powell, P. and W. Wilson, J. Exshaw, H. Saunders, W. Sleater, D. Chamberlaine, J. Potts, J. Hoey, jun. J. Mitchell, J. Williams, and C. Ingham.</marc:subfield>
			<marc:subfield code="c">MDCCLXIX.</marc:subfield>
			<marc:subfield code="c">1769.</marc:subfield>
			<marc:subfield code="v">v.1</marc:subfield>
		</marc:datafield>
		<marc:datafield ind1=" " ind2=" " tag="260">
			<marc:subfield code="a">Dublin :</marc:subfield>
			<marc:subfield code="b">Printed for G. Faulkner, S. Powell, P. &amp; W. Wilson, J. Exshaw, H. Saunders, W. Sleater, J. Potts, D. Chamberlaine, J. Hoey, jun. J. Mitchell, J. Williams, and C. Ingham,</marc:subfield>
			<marc:subfield code="c">MDCCLXIX.</marc:subfield>
			<marc:subfield code="c">1769.</marc:subfield>
			<marc:subfield code="v">v.3</marc:subfield>
		</marc:datafield>
		<marc:datafield ind1=" " ind2=" " tag="300">
			<marc:subfield code="a">4 v. ;</marc:subfield>
			<marc:subfield code="c">17 cm. (12mo)</marc:subfield>
			<marc:subfield code="x">Duodecimo</marc:subfield>
			<marc:subfield code="z">"In four volumes"</marc:subfield>
		</marc:datafield>
		<marc:datafield ind1=" " ind2=" " tag="500">
			<marc:subfield code="a">An epistolary novel.</marc:subfield>
		</marc:datafield>
		<marc:datafield ind1=" " ind2=" " tag="500">
			<marc:subfield code="a">Dedication signed: Frances Brooke.</marc:subfield>
		</marc:datafield>
		<marc:datafield ind1=" " ind2=" " tag="500">
			<marc:subfield code="a">Volumes 1 and 2 are bound together, and volumes 3 and 4 are bound together; however, only volumes 1 and 3 -- with which each physical "book" begins -- have their own title pages.</marc:subfield>
		</marc:datafield>
		<marc:datafield ind1=" " ind2=" " tag="500">
			<marc:subfield code="a">Bookplate: "Walsh" on the inside of the front board of both bound volumes.</marc:subfield>
		</marc:datafield>
		<marc:datafield ind1=" " ind2=" " tag="500">
			<marc:subfield code="a">Library-related marginalia (call number) on the verso of the last leaf of v.1-2.</marc:subfield>
		</marc:datafield>
		<marc:datafield ind1=" " ind2=" " tag="500">
			<marc:subfield code="a">Library-related marginalia on the recto of the back board of v.1-2 that classifies this book as part of the Singer-Mendenhall collection.</marc:subfield>
		</marc:datafield>
		<marc:datafield ind1=" " ind2=" " tag="500">
			<marc:subfield code="a">Library-related marginalia (call number) on the verso of the last leaf of v.3-4.</marc:subfield>
		</marc:datafield>
		<marc:datafield ind1=" " ind2=" " tag="500">
			<marc:subfield code="a">Library-related marginalia on the recto of the back board of v.3-4 that classifies this book as part of the Singer-Mendenhall collection.</marc:subfield>
		</marc:datafield>
		<marc:datafield ind1="4" ind2=" " tag="510">
			<marc:subfield code="a">ESTC (RLIN)</marc:subfield>
			<marc:subfield code="c">N33066</marc:subfield>
		</marc:datafield>
		<marc:datafield ind1="4" ind2=" " tag="510">
			<marc:subfield code="a">Raven, J.  British fiction, 1750-1770,</marc:subfield>
			<marc:subfield code="c">1298</marc:subfield>
		</marc:datafield>
		<marc:datafield ind1="4" ind2=" " tag="510">
			<marc:subfield code="a">Block, A.  Engl. novel (1961 ed.),</marc:subfield>
			<marc:subfield code="c">p. 165</marc:subfield>
		</marc:datafield>
		<marc:datafield ind1="4" ind2=" " tag="520">
			<marc:subfield code="a">Dedication</marc:subfield>
			<marc:subfield code="b">To his excellency Guy Carleton, Esq. Governor and Commander in Chief of His Majesty's Province of Quebec, &amp;c. &amp;c. &amp;c.</marc:subfield>
			<marc:subfield code="c">Front</marc:subfield>
			<marc:subfield code="v">v.1</marc:subfield>
			<marc:subfield code="x">"Sir, as the scene of so great a part of the following work is laid in Canada, I flatter myself there is a peculiar propriety in addressing it to your excellency, to whose probity and enlightened attention the colony owes its happiness, and individuals that tranquillity of mind, without which there can be no exertion of the power of either the understanding or imagination...</marc:subfield>
			<marc:subfield code="x">Dedication to the governor of Canada from Frances Brooke, the author of the work.</marc:subfield>
			<marc:subfield code="x">Dated March 22, 1769 in London.</marc:subfield>
			<marc:subfield code="x">Brooke tells us from this dedication that much of the story will be set in Canada. </marc:subfield>
		</marc:datafield>
		<marc:datafield ind1=" " ind2=" " tag="590">
			<marc:subfield code="a">Bound in two volumes.</marc:subfield>
		</marc:datafield>
		<marc:datafield ind1=" " ind2=" " tag="591">
			<marc:subfield code="a">"A kind indulgent sleep -- O'er works of length allowably may creep."</marc:subfield>
			<marc:subfield code="2">Horace.</marc:subfield>
			<marc:subfield code="b">The Art of Poetry</marc:subfield>
			<marc:subfield code="c">Horace</marc:subfield>
			<marc:subfield code="v">v.1</marc:subfield>
			<marc:subfield code="x">Located on the title page.</marc:subfield>
			<marc:subfield code="x">Translation is by Philip Francis, D.D.</marc:subfield>
		</marc:datafield>
		<marc:datafield ind1=" " ind2=" " tag="592">
			<marc:subfield code="a">Epistolary</marc:subfield>
		</marc:datafield>
		<marc:datafield ind1=" " ind2=" " tag="595">
			<marc:subfield code="a">Pencil</marc:subfield>
			<marc:subfield code="b">Words</marc:subfield>
			<marc:subfield code="b">Numbers</marc:subfield>
			<marc:subfield code="b">Roman Numerals</marc:subfield>
			<marc:subfield code="v">v.1-2</marc:subfield>
			<marc:subfield code="x">Located on the verso of the last leaf of v.1-2.</marc:subfield>
			<marc:subfield code="x">Difficult to read, but says something like: "American sympathy 35" "Fiction 109 (II)" "G[illegible] 120 (II)". This is largely guesswork, however.</marc:subfield>
		</marc:datafield>
		<marc:datafield ind1=" " ind2=" " tag="599">
			<marc:subfield code="a">Author (text)</marc:subfield>
			<marc:subfield code="b">Reference to other works</marc:subfield>
			<marc:subfield code="2">By the author of Lady Julia Mandeville.</marc:subfield>
			<marc:subfield code="3">Title Page</marc:subfield>
			<marc:subfield code="6">Female</marc:subfield>
		</marc:datafield>
		<marc:datafield ind1=" " ind2=" " tag="599">
			<marc:subfield code="a">Author (paratext)</marc:subfield>
			<marc:subfield code="b">Proper name</marc:subfield>
			<marc:subfield code="2">I am, with the utmost esteem and respect, your most obedient servant, Frances Brooke.</marc:subfield>
			<marc:subfield code="3">Dedication</marc:subfield>
			<marc:subfield code="6">Female</marc:subfield>
		</marc:datafield>
		<marc:datafield ind1=" " ind2="7" tag="655">
			<marc:subfield code="a">Epistolary fiction</marc:subfield>
			<marc:subfield code="z">England</marc:subfield>
			<marc:subfield code="y">18th century</marc:subfield>
			<marc:subfield code="2">rbgenr</marc:subfield>
		</marc:datafield>
		<marc:datafield ind1=" " ind2="4" tag="650">
			<marc:subfield code="a">CHR 1769</marc:subfield>
		</marc:datafield>
		<marc:datafield ind1=" " ind2="4" tag="650">
			<marc:subfield code="a">PRO Walsh (Bookplate)</marc:subfield>
		</marc:datafield>
		<marc:datafield ind1=" " ind2="4" tag="650">
			<marc:subfield code="a">PRO Mendenhall, John C. (Donor)</marc:subfield>
		</marc:datafield>
		<marc:datafield ind1="2" ind2=" " tag="700">
			<marc:subfield code="a">Brooke, Frances</marc:subfield>
			<marc:subfield code="d">1724?-1789</marc:subfield>
			<marc:subfield code="4">Author (text)</marc:subfield>
			<marc:subfield code="4">Author (paratext)</marc:subfield>
			<marc:subfield code="5">Authorized</marc:subfield>
		</marc:datafield>
		<marc:datafield ind1="2" ind2=" " tag="700">
			<marc:subfield code="a">Dorchester, Guy Carleton</marc:subfield>
			<marc:subfield code="d">1724-1808</marc:subfield>
			<marc:subfield code="4">Dedicatee</marc:subfield>
			<marc:subfield code="5">Authorized</marc:subfield>
		</marc:datafield>
		<marc:datafield ind1="2" ind2=" " tag="700">
			<marc:subfield code="a">Horatius Flaccus, Quintus</marc:subfield>
			<marc:subfield code="d">65-8 BCE</marc:subfield>
			<marc:subfield code="4">Author (epigraph)</marc:subfield>
			<marc:subfield code="5">Authorized</marc:subfield>
		</marc:datafield>
		<marc:datafield ind1="2" ind2=" " tag="700">
			<marc:subfield code="a">Faulkner, George</marc:subfield>
			<marc:subfield code="d">d.1775</marc:subfield>
			<marc:subfield code="4">Printed for</marc:subfield>
			<marc:subfield code="5">Authorized</marc:subfield>
		</marc:datafield>
		<marc:datafield ind1="2" ind2=" " tag="700">
			<marc:subfield code="a">Powell, Samuel</marc:subfield>
			<marc:subfield code="d">1707-1775</marc:subfield>
			<marc:subfield code="4">Printed for</marc:subfield>
			<marc:subfield code="5">Authorized</marc:subfield>
		</marc:datafield>
		<marc:datafield ind1="2" ind2=" " tag="700">
			<marc:subfield code="a">Wilson, Peter</marc:subfield>
			<marc:subfield code="d">1720-1801</marc:subfield>
			<marc:subfield code="4">Printed for</marc:subfield>
			<marc:subfield code="5">Authorized</marc:subfield>
		</marc:datafield>
		<marc:datafield ind1="2" ind2=" " tag="700">
			<marc:subfield code="a">Wilson, William</marc:subfield>
			<marc:subfield code="d">1759-1801</marc:subfield>
			<marc:subfield code="4">Printed for</marc:subfield>
			<marc:subfield code="5">Authorized</marc:subfield>
		</marc:datafield>
		<marc:datafield ind1="2" ind2=" " tag="700">
			<marc:subfield code="a">Exshaw, John</marc:subfield>
			<marc:subfield code="d">d.1776</marc:subfield>
			<marc:subfield code="4">Printed for</marc:subfield>
			<marc:subfield code="5">Authorized</marc:subfield>
		</marc:datafield>
		<marc:datafield ind1="2" ind2=" " tag="700">
			<marc:subfield code="a">Saunders, Henry</marc:subfield>
			<marc:subfield code="d">d. 1787</marc:subfield>
			<marc:subfield code="4">Printed for</marc:subfield>
			<marc:subfield code="5">Authorized</marc:subfield>
		</marc:datafield>
		<marc:datafield ind1="2" ind2=" " tag="700">
			<marc:subfield code="a">Sleater, William</marc:subfield>
			<marc:subfield code="d">d. 1801</marc:subfield>
			<marc:subfield code="4">Printed for</marc:subfield>
			<marc:subfield code="5">Authorized</marc:subfield>
		</marc:datafield>
		<marc:datafield ind1="2" ind2=" " tag="700">
			<marc:subfield code="a">Chamberlaine, Dillon</marc:subfield>
			<marc:subfield code="d">d. 1790</marc:subfield>
			<marc:subfield code="4">Printed for</marc:subfield>
			<marc:subfield code="5">Authorized</marc:subfield>
		</marc:datafield>
		<marc:datafield ind1="2" ind2=" " tag="700">
			<marc:subfield code="a">Potts, James</marc:subfield>
			<marc:subfield code="d">d. 1796</marc:subfield>
			<marc:subfield code="4">Printed for</marc:subfield>
			<marc:subfield code="5">Authorized</marc:subfield>
		</marc:datafield>
		<marc:datafield ind1="2" ind2=" " tag="700">
			<marc:subfield code="a">Hoey, James jun.</marc:subfield>
			<marc:subfield code="d">d.1782</marc:subfield>
			<marc:subfield code="4">Printed for</marc:subfield>
			<marc:subfield code="5">Authorized</marc:subfield>
		</marc:datafield>
		<marc:datafield ind1="2" ind2=" " tag="700">
			<marc:subfield code="a">Mitchell, John</marc:subfield>
			<marc:subfield code="d">d. 1772</marc:subfield>
			<marc:subfield code="4">Printed for</marc:subfield>
			<marc:subfield code="5">Authorized</marc:subfield>
		</marc:datafield>
		<marc:datafield ind1="2" ind2=" " tag="700">
			<marc:subfield code="a">Williams, James</marc:subfield>
			<marc:subfield code="d">d.1787</marc:subfield>
			<marc:subfield code="4">Printed for</marc:subfield>
			<marc:subfield code="5">Authorized</marc:subfield>
		</marc:datafield>
		<marc:datafield ind1="2" ind2=" " tag="700">
			<marc:subfield code="a">Ingham, Charles</marc:subfield>
			<marc:subfield code="4">Printed for</marc:subfield>
			<marc:subfield code="5">Authorized</marc:subfield>
		</marc:datafield>
		<marc:datafield ind1="2" ind2=" " tag="710">
			<marc:subfield code="a">Collection of British and American Fiction, 1660-1830 (University of Pennsylvania)</marc:subfield>
			<marc:subfield code="5">PU</marc:subfield>
		</marc:datafield>
		<marc:datafield ind1="2" ind2=" " tag="710">
			<marc:subfield code="a">Early Novels</marc:subfield>
			<marc:subfield code="5">University of Pennsylvania</marc:subfield>
		</marc:datafield>
		<marc:datafield ind1=" " ind2=" " tag="752">
			<marc:subfield code="a">Ireland</marc:subfield>
			<marc:subfield code="d">Dublin.</marc:subfield>
		</marc:datafield>
		<marc:datafield ind1=" " ind2=" " tag="950">
			<marc:subfield code="l">RBC</marc:subfield>
			<marc:subfield code="e">\\Singer-\Menden-\hall\</marc:subfield>
			<marc:subfield code="v">4 v.</marc:subfield>
			<marc:subfield code="i">10/31/85 C</marc:subfield>
		</marc:datafield>
		<marc:datafield ind1=" " ind2=" " tag="955">
			<marc:subfield code="l">RBC</marc:subfield>
			<marc:subfield code="c">1:(v.1-2)</marc:subfield>
			<marc:subfield code="q">50-617</marc:subfield>
			<marc:subfield code="s">Ex libris:Walsh</marc:subfield>
			<marc:subfield code="s">g. Dr. John C. Mendenhall</marc:subfield>
			<marc:subfield code="i">10/31/85 C</marc:subfield>
		</marc:datafield>
		<marc:datafield ind1=" " ind2=" " tag="955">
			<marc:subfield code="l">RBC</marc:subfield>
			<marc:subfield code="c">1:(v.3-4)</marc:subfield>
			<marc:subfield code="q">50-617</marc:subfield>
			<marc:subfield code="i">10/31/85 C</marc:subfield>
		</marc:datafield>
		<marc:datafield ind1=" " ind2=" " tag="989">
			<marc:subfield code="2">History</marc:subfield>
			<marc:subfield code="5">Emily Montague</marc:subfield>
			<marc:subfield code="3">Four</marc:subfield>
			<marc:subfield code="2">Volume</marc:subfield>
			<marc:subfield code="2">Author</marc:subfield>
			<marc:subfield code="2">Lady</marc:subfield>
			<marc:subfield code="1">Lady Julia Mandeville</marc:subfield>
			<marc:subfield code="5">Julia Mandeville</marc:subfield>
		</marc:datafield>
		<marc:datafield ind1=" " ind2=" " tag="999">
			<marc:subfield code="a">MH</marc:subfield>
			<marc:subfield code="b">6/8/15</marc:subfield>
			<marc:subfield code="c">University of Pennsylvania</marc:subfield>
			<marc:subfield code="d">IEH</marc:subfield>
		</marc:datafield>
	</marc:record>