
	<marc:record>
		<marc:leader>01498cam a2200337 a 4500</marc:leader>
		<marc:controlfield tag="001">55313</marc:controlfield>
		<marc:controlfield tag="005">20141119141847.0</marc:controlfield>
		<marc:controlfield tag="008">870409s1724    enk           00010 eng d</marc:controlfield>
		<marc:datafield ind1=" " ind2=" " tag="035">
			<marc:subfield code="a">(OCoLC)ocm79790975</marc:subfield>
		</marc:datafield>
		<marc:datafield ind1=" " ind2=" " tag="035">
			<marc:subfield code="a">(OCoLC)79790975</marc:subfield>
		</marc:datafield>
		<marc:datafield ind1=" " ind2=" " tag="035">
			<marc:subfield code="a">(CStRLIN)PAUG87-B11319</marc:subfield>
		</marc:datafield>
		<marc:datafield ind1=" " ind2=" " tag="035">
			<marc:subfield code="a">(CaOTULAS)185146789</marc:subfield>
		</marc:datafield>
		<marc:datafield ind1=" " ind2=" " tag="035">
			<marc:subfield code="9">AAG3803</marc:subfield>
		</marc:datafield>
		<marc:datafield ind1=" " ind2=" " tag="035">
			<marc:subfield code="a">55313</marc:subfield>
		</marc:datafield>
		<marc:datafield ind1=" " ind2=" " tag="040">
			<marc:subfield code="a">PU</marc:subfield>
			<marc:subfield code="c">PU</marc:subfield>
		</marc:datafield>
		<marc:datafield ind1=" " ind2=" " tag="090">
			<marc:subfield code="a">BJ1681</marc:subfield>
			<marc:subfield code="b">.M25 1724</marc:subfield>
			<marc:subfield code="i">04/09/87 CT</marc:subfield>
		</marc:datafield>
		<marc:datafield ind1="1" ind2=" " tag="100">
			<marc:subfield code="a">Mandeville, Bernard,</marc:subfield>
			<marc:subfield code="d">1670-1733.</marc:subfield>
		</marc:datafield>
		<marc:datafield ind1="1" ind2="4" tag="245">
			<marc:subfield code="a">The virgin unmask'd, or Female dialogues betwixt an elderly maiden lady and her niece :</marc:subfield>
			<marc:subfield code="b">on several diverting discourses, on love, marriage, memoirs and morals, &amp;c. of the times /</marc:subfield>
			<marc:subfield code="c">by Bernard Mandeville.</marc:subfield>
		</marc:datafield>
		<marc:datafield ind1="1" ind2="4" tag="246">
			<marc:subfield code="a">The virgin unmask'd: or, Female dialogues betwixt an elderly maiden lady and her niece, on several diverting discourses on love, marriage, memoirs and morals, &amp;c. of the times. The second edition. By Bernard Mandeville, author of The fable of the bees.</marc:subfield>
			<marc:subfield code="d">Letter-press</marc:subfield>
			<marc:subfield code="g">Full</marc:subfield>
			<marc:subfield code="x">Work</marc:subfield>
		</marc:datafield>
		<marc:datafield ind1=" " ind2=" " tag="250">
			<marc:subfield code="a">The second edition.</marc:subfield>
			<marc:subfield code="b">Second edition</marc:subfield>
		</marc:datafield>
		<marc:datafield ind1=" " ind2=" " tag="260">
			<marc:subfield code="a">London</marc:subfield>
			<marc:subfield code="b">Printed and sold by G. Strahan, at the Golden Ball in Cornhill, W. Mears, at the Lamb without Temple Bar; and J. Stagg, in Westminster-Hall.</marc:subfield>
			<marc:subfield code="c">1724.</marc:subfield>
		</marc:datafield>
		<marc:datafield ind1=" " ind2=" " tag="300">
			<marc:subfield code="a">[24], 200 p. ;</marc:subfield>
			<marc:subfield code="c">20 cm. (8vo)</marc:subfield>
			<marc:subfield code="x">Octavo</marc:subfield>
		</marc:datafield>
		<marc:datafield ind1=" " ind2=" " tag="500">
			<marc:subfield code="a">Edition statement precedes author's name on t.p.</marc:subfield>
		</marc:datafield>
		<marc:datafield ind1=" " ind2=" " tag="500">
			<marc:subfield code="a">Price included in brackets after publisher's information: "Price four shillings." </marc:subfield>
		</marc:datafield>
		<marc:datafield ind1=" " ind2=" " tag="500">
			<marc:subfield code="a">Library-related marginalia. Located verso title page; recto first leaf Preface; back paste-down endpaper.</marc:subfield>
		</marc:datafield>
		<marc:datafield ind1=" " ind2=" " tag="500">
			<marc:subfield code="a">Preface, addresses potential criticisms related to gender issues: "When in the first dialogue, you meet with any thing harsh, and perhaps, very disagreeable to the ladies, suspend your judgement till you come to the second...My design as a whole, is to let young ladies know whatever is dreadful in marriage; and this could not be done, but by introducing one that was enemy to to it. Therefore, 'tho Lucinda speaks altogether against matrimony, don't think that I do too. I expect to be censured for letting women talk of politicks; but first mind, how little Antonia says to the matter, and then examine Lucinda's character.</marc:subfield>
		</marc:datafield>
		<marc:datafield ind1=" " ind2=" " tag="500">
			<marc:subfield code="a">Aesop dress'd; or a collection of fables writ in familiar verse bound in at the back of this copy of Virgin unmask'd. Includes a preface (The preface to the reader.) and index (The index.). Same author as Virgin unmask'd.</marc:subfield>
		</marc:datafield>
		<marc:datafield ind1="4" ind2=" " tag="510">
			<marc:subfield code="a">ESTC (RLIN)</marc:subfield>
			<marc:subfield code="c">57166</marc:subfield>
		</marc:datafield>
		<marc:datafield ind1=" " ind2=" " tag="520">
			<marc:subfield code="a">Preface</marc:subfield>
			<marc:subfield code="b">The preface.</marc:subfield>
			<marc:subfield code="c">Front</marc:subfield>
			<marc:subfield code="x">"Happy is the man that has no other acquaintance with booksellers, than what is contracted by reading the news in their shops, and perhaps now and then buying a book of them; but he that is so unfortunate, as to have business with them about translating, printing, or publishing any thing to the world, has a miserable time of it, and ought to be endowed with the patience of Job."</marc:subfield>
		</marc:datafield>
		<marc:datafield ind1=" " ind2=" " tag="520">
			<marc:subfield code="a">Table of contents</marc:subfield>
			<marc:subfield code="b">The contents of the first dialogue.</marc:subfield>
			<marc:subfield code="b">The contents of the second dialogue.</marc:subfield>
			<marc:subfield code="b">The contents of the third dialogue.</marc:subfield>
			<marc:subfield code="b">The contents of the fourth dialogue.</marc:subfield>
			<marc:subfield code="b">The contents of the fifth dialogue.</marc:subfield>
			<marc:subfield code="b">The contents of the sixth dialogue.</marc:subfield>
			<marc:subfield code="b">The contents of the seventh dialogue.</marc:subfield>
			<marc:subfield code="b">The contents of the eighth dialogue.</marc:subfield>
			<marc:subfield code="b">The contents of the ninth dialogue.</marc:subfield>
			<marc:subfield code="b">The contents of the tenth dialogue.</marc:subfield>
			<marc:subfield code="c">Front</marc:subfield>
			<marc:subfield code="x">Includes brief summaries of narrative and corresponding page numbers for each of the ten dialogues, i.e.: "It is immodest to shew those parts that distinguish the sex 		4"; "That notion ridicul'd		Ibid."</marc:subfield>
		</marc:datafield>
		<marc:datafield ind1=" " ind2=" " tag="590">
			<marc:subfield code="a">With: Some fables after the easie and familiar method of Monsieur de la Fontaine. 1727 / Bernard Mandeville.  London : Sold at Lock's-Head adjoyning to Ludgate, [1727?]</marc:subfield>
		</marc:datafield>
		<marc:datafield ind1=" " ind2=" " tag="592">
			<marc:subfield code="a">Dramatic dialogue</marc:subfield>
			<marc:subfield code="b">Letters</marc:subfield>
		</marc:datafield>
		<marc:datafield ind1=" " ind2=" " tag="595">
			<marc:subfield code="a">Pencil</marc:subfield>
			<marc:subfield code="b">Numbers</marc:subfield>
			<marc:subfield code="x">"57" marked on title page.</marc:subfield>
		</marc:datafield>
		<marc:datafield ind1=" " ind2=" " tag="599">
			<marc:subfield code="a">Author (text)</marc:subfield>
			<marc:subfield code="b">Proper name</marc:subfield>
			<marc:subfield code="b">Reference to other works</marc:subfield>
			<marc:subfield code="2">By Bernard Mandevill, author of The fable of the bees.</marc:subfield>
			<marc:subfield code="3">Title page</marc:subfield>
			<marc:subfield code="5">Male</marc:subfield>
			<marc:subfield code="6">Male</marc:subfield>
		</marc:datafield>
		<marc:datafield ind1=" " ind2=" " tag="599">
			<marc:subfield code="a">Author (paratext)</marc:subfield>
			<marc:subfield code="b">Initials</marc:subfield>
			<marc:subfield code="2">B.M.</marc:subfield>
			<marc:subfield code="3">Preface</marc:subfield>
			<marc:subfield code="5">Male</marc:subfield>
			<marc:subfield code="6">Male</marc:subfield>
		</marc:datafield>
		<marc:datafield ind1=" " ind2="0" tag="650">
			<marc:subfield code="a">Conduct of life</marc:subfield>
		</marc:datafield>
		<marc:datafield ind1=" " ind2="0" tag="650">
			<marc:subfield code="a">Young women</marc:subfield>
		</marc:datafield>
		<marc:datafield ind1=" " ind2="4" tag="650">
			<marc:subfield code="a">CHR 1724</marc:subfield>
		</marc:datafield>
		<marc:datafield ind1=" " ind2=" " tag="700">
			<marc:subfield code="a">Mandeville, Bernard</marc:subfield>
			<marc:subfield code="d">1670-1773</marc:subfield>
			<marc:subfield code="4">Author (text)</marc:subfield>
			<marc:subfield code="5">Authorized</marc:subfield>
		</marc:datafield>
		<marc:datafield ind1=" " ind2=" " tag="700">
			<marc:subfield code="a">G. Strahan</marc:subfield>
			<marc:subfield code="4">Printed for</marc:subfield>
			<marc:subfield code="4">Sold by</marc:subfield>
			<marc:subfield code="5">Authorized</marc:subfield>
		</marc:datafield>
		<marc:datafield ind1=" " ind2=" " tag="700">
			<marc:subfield code="a">Mears, W. (William)</marc:subfield>
			<marc:subfield code="d">active 1713-1758</marc:subfield>
			<marc:subfield code="4">Printed for</marc:subfield>
			<marc:subfield code="4">Sold by</marc:subfield>
			<marc:subfield code="5">Authorized</marc:subfield>
		</marc:datafield>
		<marc:datafield ind1=" " ind2=" " tag="700">
			<marc:subfield code="a">Stagg, John</marc:subfield>
			<marc:subfield code="d">-1746</marc:subfield>
			<marc:subfield code="4">Printed for</marc:subfield>
			<marc:subfield code="4">Sold by</marc:subfield>
			<marc:subfield code="5">Authorized</marc:subfield>
		</marc:datafield>
		<marc:datafield ind1=" " ind2=" " tag="710">
			<marc:subfield code="a">G. Strahan, W. Mears, and J. Stagg</marc:subfield>
			<marc:subfield code="4">Printed for</marc:subfield>
			<marc:subfield code="4">Sold by</marc:subfield>
			<marc:subfield code="5">Unauthorized</marc:subfield>
		</marc:datafield>
		<marc:datafield ind1="0" ind2=" " tag="740">
			<marc:subfield code="a">Female dialogues betwixt an elderly maiden lady and her niece.</marc:subfield>
		</marc:datafield>
		<marc:datafield ind1="2" ind2=" " tag="710">
			<marc:subfield code="a">Collection of British and American Fiction, 1660-1830 (University of Pennsylvania)</marc:subfield>
			<marc:subfield code="5">PU</marc:subfield>
		</marc:datafield>
		<marc:datafield ind1="2" ind2=" " tag="710">
			<marc:subfield code="a">Early novels</marc:subfield>
			<marc:subfield code="5">University of Pennsylvania</marc:subfield>
		</marc:datafield>
		<marc:datafield ind1=" " ind2=" " tag="950">
			<marc:subfield code="l">RBC</marc:subfield>
			<marc:subfield code="e">\\Singer-\Menden-\hall\</marc:subfield>
			<marc:subfield code="i">04/09/87 C</marc:subfield>
		</marc:datafield>
		<marc:datafield ind1=" " ind2=" " tag="955">
			<marc:subfield code="l">RBC</marc:subfield>
			<marc:subfield code="c">1</marc:subfield>
			<marc:subfield code="q">725891</marc:subfield>
			<marc:subfield code="s">Singer Mem.</marc:subfield>
			<marc:subfield code="i">04/09/87 C</marc:subfield>
		</marc:datafield>
		<marc:datafield ind1=" " ind2=" " tag="989">
			<marc:subfield code="2">Virgin</marc:subfield>
			<marc:subfield code="6">Unmask</marc:subfield>
			<marc:subfield code="3">Female</marc:subfield>
			<marc:subfield code="2">Dialogue</marc:subfield>
			<marc:subfield code="3">Elderly</marc:subfield>
			<marc:subfield code="2">Maiden lady</marc:subfield>
			<marc:subfield code="2">Maiden</marc:subfield>
			<marc:subfield code="2">Lady</marc:subfield>
			<marc:subfield code="2">Niece</marc:subfield>
			<marc:subfield code="3">Several</marc:subfield>
			<marc:subfield code="3">Diverting</marc:subfield>
			<marc:subfield code="2">Discourse</marc:subfield>
			<marc:subfield code="2">Love</marc:subfield>
			<marc:subfield code="2">Marriage</marc:subfield>
			<marc:subfield code="2">Memoir</marc:subfield>
			<marc:subfield code="2">Moral</marc:subfield>
			<marc:subfield code="2">Times</marc:subfield>
			<marc:subfield code="3">Second</marc:subfield>
			<marc:subfield code="2">Edition</marc:subfield>
			<marc:subfield code="5">Bernard Mandeville</marc:subfield>
			<marc:subfield code="1">The fable of the bees</marc:subfield>
			<marc:subfield code="2">Fable</marc:subfield>
			<marc:subfield code="2">Bee</marc:subfield>
		</marc:datafield>
		<marc:datafield ind1=" " ind2=" " tag="999">
			<marc:subfield code="a">KGP</marc:subfield>
			<marc:subfield code="b">7/20/15</marc:subfield>
			<marc:subfield code="c">Haverford College</marc:subfield>
			<marc:subfield code="d">NB</marc:subfield>
		</marc:datafield>
	</marc:record>