
	<marc:record>
		<marc:leader>01650cam a2200373 a 4500</marc:leader>
		<marc:controlfield tag="001">1818335</marc:controlfield>
		<marc:controlfield tag="005">20141210141057.0</marc:controlfield>
		<marc:controlfield tag="008">900307s1716    enk           000 0 eng d</marc:controlfield>
		<marc:datafield ind1=" " ind2=" " tag="035">
			<marc:subfield code="a">(OCoLC)ocn187453913</marc:subfield>
		</marc:datafield>
		<marc:datafield ind1=" " ind2=" " tag="035">
			<marc:subfield code="a">(OCoLC)187453913</marc:subfield>
		</marc:datafield>
		<marc:datafield ind1=" " ind2=" " tag="035">
			<marc:subfield code="a">(CStRLIN)PAUGEAZ4082-B</marc:subfield>
		</marc:datafield>
		<marc:datafield ind1=" " ind2=" " tag="035">
			<marc:subfield code="a">(CStRLIN)PAUGEAZ4082-B</marc:subfield>
		</marc:datafield>
		<marc:datafield ind1=" " ind2=" " tag="035">
			<marc:subfield code="9">EAZ4082</marc:subfield>
		</marc:datafield>
		<marc:datafield ind1=" " ind2=" " tag="035">
			<marc:subfield code="a">1818335</marc:subfield>
		</marc:datafield>
		<marc:datafield ind1=" " ind2=" " tag="040">
			<marc:subfield code="a">CtY-BR</marc:subfield>
			<marc:subfield code="c">CtY-BR</marc:subfield>
			<marc:subfield code="e">bdrb</marc:subfield>
		</marc:datafield>
		<marc:datafield ind1="0" ind2=" " tag="041">
			<marc:subfield code="a">eng</marc:subfield>
			<marc:subfield code="h">fre</marc:subfield>
		</marc:datafield>
		<marc:datafield ind1=" " ind2=" " tag="090">
			<marc:subfield code="f">h</marc:subfield>
			<marc:subfield code="n">\jl\</marc:subfield>
		</marc:datafield>
		<marc:datafield ind1="1" ind2=" " tag="100">
			<marc:subfield code="a">Du Noyer,</marc:subfield>
			<marc:subfield code="c">Madame</marc:subfield>
			<marc:subfield code="q">(Anne Marguerite Petit),</marc:subfield>
			<marc:subfield code="d">1663-1719.</marc:subfield>
		</marc:datafield>
		<marc:datafield ind1="1" ind2="0" tag="240">
			<marc:subfield code="a">Lettres historiques et galantes.</marc:subfield>
			<marc:subfield code="n">Tome 1.</marc:subfield>
			<marc:subfield code="l">English</marc:subfield>
		</marc:datafield>
		<marc:datafield ind1="1" ind2="0" tag="245">
			<marc:subfield code="a">Letters from a lady at Paris to a lady at Avignon :</marc:subfield>
			<marc:subfield code="b">containing a particular account of the city, the politicks, intrigues, gallantry, and secret history of persons of the first quality in France.</marc:subfield>
		</marc:datafield>
		<marc:datafield ind1="0" ind2=" " tag="246">
			<marc:subfield code="a">Letters from a lady at Paris to a lady at Avignon: containing a particular account of the city, the politicks, intrigues, gallantry, and secret history of persons of the first quality in France.</marc:subfield>
			<marc:subfield code="d">Letter-press</marc:subfield>
			<marc:subfield code="g">Full</marc:subfield>
			<marc:subfield code="x">Work</marc:subfield>
		</marc:datafield>
		<marc:datafield ind1=" " ind2=" " tag="260">
			<marc:subfield code="a">London</marc:subfield>
			<marc:subfield code="b">Printed for W. Mears, at the Lamb, and J. Browne, at the Black-Swan without Temple-Bar.</marc:subfield>
			<marc:subfield code="c">1716.</marc:subfield>
		</marc:datafield>
		<marc:datafield ind1=" " ind2=" " tag="300">
			<marc:subfield code="a">[8], 239, [1] p. ;</marc:subfield>
			<marc:subfield code="c">20 cm. (8vo)</marc:subfield>
			<marc:subfield code="x">Octavo</marc:subfield>
		</marc:datafield>
		<marc:datafield ind1=" " ind2=" " tag="500">
			<marc:subfield code="a">Translation of: Tome 1 of Lettres historiques et galantes de deux dames de condition, dont l'une était à Paris et l'autre en province.  Originally published in four volumes: Cologne: P. Marteau, 1713.</marc:subfield>
		</marc:datafield>
		<marc:datafield ind1=" " ind2=" " tag="500">
			<marc:subfield code="a">Signatures: A  B-Q .</marc:subfield>
		</marc:datafield>
		<marc:datafield ind1=" " ind2=" " tag="500">
			<marc:subfield code="a">Page [1] at end blank.</marc:subfield>
		</marc:datafield>
		<marc:datafield ind1=" " ind2=" " tag="500">
			<marc:subfield code="a">First three original leaves (the title page and first two pages of the preface) are loose.</marc:subfield>
		</marc:datafield>
		<marc:datafield ind1=" " ind2=" " tag="500">
			<marc:subfield code="a">Rebound.</marc:subfield>
		</marc:datafield>
		<marc:datafield ind1=" " ind2=" " tag="500">
			<marc:subfield code="a">Library marginalia: back endpapers, a2r. "U of Pa Library" stamp, verso title page. "Singer-Mendenhall Collection" stamp, back pastedown endpaper.</marc:subfield>
		</marc:datafield>
		<marc:datafield ind1=" " ind2=" " tag="500">
			<marc:subfield code="a">Woodcut head- and tail-pieces.</marc:subfield>
		</marc:datafield>
		<marc:datafield ind1=" " ind2=" " tag="500">
			<marc:subfield code="a">No running title; instead, each page is headed with the word "Letter" followed by a roman numeral indicating which letter we are on.</marc:subfield>
		</marc:datafield>
		<marc:datafield ind1="4" ind2=" " tag="510">
			<marc:subfield code="a">ESTC</marc:subfield>
			<marc:subfield code="c">N019972</marc:subfield>
		</marc:datafield>
		<marc:datafield ind1="4" ind2=" " tag="510">
			<marc:subfield code="a">McBurney, W.H.  Engl. prose fiction,</marc:subfield>
			<marc:subfield code="c">83</marc:subfield>
		</marc:datafield>
		<marc:datafield ind1=" " ind2=" " tag="520">
			<marc:subfield code="a">Preface</marc:subfield>
			<marc:subfield code="b">The Preface.</marc:subfield>
			<marc:subfield code="c">Front</marc:subfield>
			<marc:subfield code="x">"There is not, perhaps, any kind of writing so difficult as that of familiar letters, nor any thing so pleasing when it is well perform'd: there have been so very few authors that have succeeded in this way, that we hope the publick will receive the present collection with that degree of favour which they deserve, since they carry with them enough to merit their esteem, and contribue to their pleasure and instruction."</marc:subfield>
		</marc:datafield>
		<marc:datafield ind1=" " ind2=" " tag="592">
			<marc:subfield code="a">Epistolary</marc:subfield>
			<marc:subfield code="c">Poems</marc:subfield>
		</marc:datafield>
		<marc:datafield ind1=" " ind2=" " tag="595">
			<marc:subfield code="a">Pencil</marc:subfield>
			<marc:subfield code="b">Numbers</marc:subfield>
			<marc:subfield code="x">Title page; "16".</marc:subfield>
		</marc:datafield>
		<marc:datafield ind1=" " ind2=" " tag="596">
			<marc:subfield code="a">Translation</marc:subfield>
			<marc:subfield code="b">Preface</marc:subfield>
			<marc:subfield code="c">French</marc:subfield>
			<marc:subfield code="e">"The translator took upon him the agreeable task of making them as well known in England, as they are in France and other Countries."</marc:subfield>
		</marc:datafield>
		<marc:datafield ind1=" " ind2=" " tag="599">
			<marc:subfield code="a">Translator (text)</marc:subfield>
			<marc:subfield code="b">Generic/Descriptive</marc:subfield>
			<marc:subfield code="2">"The translator took upon him the agreeable task of making them as well known in England, as they are in France and other Countries."</marc:subfield>
			<marc:subfield code="3">Preface</marc:subfield>
			<marc:subfield code="5">Male</marc:subfield>
			<marc:subfield code="6">Unknown</marc:subfield>
		</marc:datafield>
		<marc:datafield ind1=" " ind2=" " tag="599">
			<marc:subfield code="a">Author (paratext)</marc:subfield>
			<marc:subfield code="b">Generic/Descriptive</marc:subfield>
			<marc:subfield code="2">"The translator took upon him the agreeable task of making them as well known in England, as they are in France and other Countries."</marc:subfield>
			<marc:subfield code="3">Preface</marc:subfield>
			<marc:subfield code="5">Male</marc:subfield>
			<marc:subfield code="6">Unknown</marc:subfield>
		</marc:datafield>
		<marc:datafield ind1=" " ind2="0" tag="651">
			<marc:subfield code="a">France</marc:subfield>
			<marc:subfield code="x">Social life and customs.</marc:subfield>
		</marc:datafield>
		<marc:datafield ind1=" " ind2="4" tag="650">
			<marc:subfield code="a">CHR 1716</marc:subfield>
		</marc:datafield>
		<marc:datafield ind1=" " ind2=" " tag="700">
			<marc:subfield code="a">Mears, W. (William)</marc:subfield>
			<marc:subfield code="4">Printed for</marc:subfield>
			<marc:subfield code="5">Authorized</marc:subfield>
		</marc:datafield>
		<marc:datafield ind1=" " ind2=" " tag="700">
			<marc:subfield code="a">Browne, Joseph</marc:subfield>
			<marc:subfield code="4">Printed for</marc:subfield>
			<marc:subfield code="5">Authorized</marc:subfield>
		</marc:datafield>
		<marc:datafield ind1=" " ind2=" " tag="700">
			<marc:subfield code="a">Du Noyer, Madame (Anne Marguerite Petit)</marc:subfield>
			<marc:subfield code="d">1663-1719</marc:subfield>
			<marc:subfield code="4">Author (source text)</marc:subfield>
			<marc:subfield code="5">Authorized</marc:subfield>
		</marc:datafield>
		<marc:datafield ind1="2" ind2=" " tag="710">
			<marc:subfield code="a">Collection of British and American Fiction, 1660-1830 (University of Pennsylvania)</marc:subfield>
			<marc:subfield code="5">PU</marc:subfield>
		</marc:datafield>
		<marc:datafield ind1="2" ind2=" " tag="710">
			<marc:subfield code="a">Early Novels</marc:subfield>
			<marc:subfield code="5">University of Pennsylvania</marc:subfield>
		</marc:datafield>
		<marc:datafield ind1=" " ind2=" " tag="948">
			<marc:subfield code="a">jl</marc:subfield>
		</marc:datafield>
		<marc:datafield ind1=" " ind2=" " tag="950">
			<marc:subfield code="l">RBC</marc:subfield>
			<marc:subfield code="a">DC130.D8</marc:subfield>
			<marc:subfield code="b">A3 1716</marc:subfield>
			<marc:subfield code="i">01/01/01 N</marc:subfield>
			<marc:subfield code="x">010</marc:subfield>
		</marc:datafield>
		<marc:datafield ind1=" " ind2=" " tag="955">
			<marc:subfield code="l">RBC</marc:subfield>
			<marc:subfield code="c">1</marc:subfield>
			<marc:subfield code="s">726168</marc:subfield>
			<marc:subfield code="s">recl. fr. 848/D923L.9M</marc:subfield>
		</marc:datafield>
		<marc:datafield ind1=" " ind2=" " tag="989">
			<marc:subfield code="2">Letter</marc:subfield>
			<marc:subfield code="7">Letter</marc:subfield>
			<marc:subfield code="2">Lady</marc:subfield>
			<marc:subfield code="4">Paris</marc:subfield>
			<marc:subfield code="4">Avignon</marc:subfield>
			<marc:subfield code="6">Contain</marc:subfield>
			<marc:subfield code="3">Particular</marc:subfield>
			<marc:subfield code="2">Account</marc:subfield>
			<marc:subfield code="2">City</marc:subfield>
			<marc:subfield code="2">Politick</marc:subfield>
			<marc:subfield code="2">Intrigue</marc:subfield>
			<marc:subfield code="2">Gallantry</marc:subfield>
			<marc:subfield code="3">Secret</marc:subfield>
			<marc:subfield code="2">History</marc:subfield>
			<marc:subfield code="2">Person</marc:subfield>
			<marc:subfield code="3">First</marc:subfield>
			<marc:subfield code="2">Quality</marc:subfield>
			<marc:subfield code="4">France</marc:subfield>
		</marc:datafield>
		<marc:datafield ind1=" " ind2=" " tag="998">
			<marc:subfield code="s">9115</marc:subfield>
			<marc:subfield code="n">PU</marc:subfield>
			<marc:subfield code="z">BNA</marc:subfield>
		</marc:datafield>
		<marc:datafield ind1=" " ind2=" " tag="989">
			<marc:subfield code="a">IH</marc:subfield>
			<marc:subfield code="b">7/16/2015</marc:subfield>
			<marc:subfield code="c">Swarthmore College</marc:subfield>
			<marc:subfield code="d">MH</marc:subfield>
		</marc:datafield>
	</marc:record>