
	<marc:record>
		<marc:leader>01661cam a2200373 a 4500</marc:leader>
		<marc:controlfield tag="001">199563</marc:controlfield>
		<marc:controlfield tag="005">20141120170851.0</marc:controlfield>
		<marc:controlfield tag="008">851220s1768    enk           00010 eng d</marc:controlfield>
		<marc:datafield ind1=" " ind2=" " tag="035">
			<marc:subfield code="a">(OCoLC)ocm09890135</marc:subfield>
		</marc:datafield>
		<marc:datafield ind1=" " ind2=" " tag="035">
			<marc:subfield code="a">(OCoLC)9890135</marc:subfield>
		</marc:datafield>
		<marc:datafield ind1=" " ind2=" " tag="035">
			<marc:subfield code="a">(CStRLIN)PAUG85-B45186</marc:subfield>
		</marc:datafield>
		<marc:datafield ind1=" " ind2=" " tag="035">
			<marc:subfield code="a">(CaOTULAS)121284613</marc:subfield>
		</marc:datafield>
		<marc:datafield ind1=" " ind2=" " tag="035">
			<marc:subfield code="9">ABC4485</marc:subfield>
		</marc:datafield>
		<marc:datafield ind1=" " ind2=" " tag="035">
			<marc:subfield code="a">199563</marc:subfield>
		</marc:datafield>
		<marc:datafield ind1=" " ind2=" " tag="040">
			<marc:subfield code="a">PU</marc:subfield>
			<marc:subfield code="c">PU</marc:subfield>
		</marc:datafield>
		<marc:datafield ind1=" " ind2=" " tag="043">
			<marc:subfield code="a">e-uk---</marc:subfield>
		</marc:datafield>
		<marc:datafield ind1=" " ind2=" " tag="090">
			<marc:subfield code="a">PR3605.N19</marc:subfield>
			<marc:subfield code="b">P3 1768</marc:subfield>
			<marc:subfield code="i">01/03/86 CT</marc:subfield>
		</marc:datafield>
		<marc:datafield ind1="1" ind2=" " tag="100">
			<marc:subfield code="a">Neville, Henry,</marc:subfield>
			<marc:subfield code="d">1620-1694.</marc:subfield>
		</marc:datafield>
		<marc:datafield ind1="1" ind2="0" tag="240">
			<marc:subfield code="a">Parliament of ladyes.</marc:subfield>
			<marc:subfield code="f">1768</marc:subfield>
		</marc:datafield>
		<marc:datafield ind1="0" ind2="4" tag="245">
			<marc:subfield code="a">The parlament of ladies, or divers remarkable orders of the ladies at Spring Garden in parlament assembled :</marc:subfield>
			<marc:subfield code="b">together with certain votes of the unlawful assembly at Kate's in Covent Garden : both sent abroad to prevent misinformation /</marc:subfield>
			<marc:subfield code="c">(by Henry Heville)</marc:subfield>
		</marc:datafield>
		<marc:datafield ind1="0" ind2="4" tag="245">
			<marc:subfield code="a">The Parlament of Ladies. Or divers remarkable orders, of the ladies, at Spring Garden, in parlament assembled. Together with certain votes, of the unlawful assembly, at Kate’s, in Covent Garden. Both sent abroad to prevent misinformation. By Henry Neville.</marc:subfield>
			<marc:subfield code="d">Letter-press</marc:subfield>
			<marc:subfield code="g">Full</marc:subfield>
			<marc:subfield code="x">Work</marc:subfield>
		</marc:datafield>
		<marc:datafield ind1=" " ind2=" " tag="260">
			<marc:subfield code="a">London</marc:subfield>
			<marc:subfield code="b">Printed MDCXXXXVII Reprinted for T. Cadell</marc:subfield>
			<marc:subfield code="c">MCDCCLXVIII</marc:subfield>
			<marc:subfield code="c">1768.</marc:subfield>
		</marc:datafield>
		<marc:datafield ind1=" " ind2=" " tag="300">
			<marc:subfield code="a">23, [1] p. ;</marc:subfield>
			<marc:subfield code="c">20 cm. (12mo)</marc:subfield>
			<marc:subfield code="x">Duodecimo.</marc:subfield>
		</marc:datafield>
		<marc:datafield ind1=" " ind2=" " tag="500">
			<marc:subfield code="a">First published in 1647 under the title: The parliament of ladyes.  Cf. Wing (2nd ed.) N508.</marc:subfield>
		</marc:datafield>
		<marc:datafield ind1=" " ind2=" " tag="500">
			<marc:subfield code="a">A political satire about the Civil War, 1642-1649.</marc:subfield>
		</marc:datafield>
		<marc:datafield ind1=" " ind2=" " tag="500">
			<marc:subfield code="a">Signature: A12</marc:subfield>
		</marc:datafield>
		<marc:datafield ind1=" " ind2=" " tag="500">
			<marc:subfield code="a">Issued with: The Isle of Pines, or a late discovery of a fourth island in Terra Australis Incognita / Henry Neville.  London : Printed 1668, reprinted for T. Cadell, 1768.</marc:subfield>
		</marc:datafield>
		<marc:datafield ind1=" " ind2=" " tag="500">
			<marc:subfield code="a">Woodcut tail-piece shaped like an acorn.</marc:subfield>
		</marc:datafield>
		<marc:datafield ind1=" " ind2=" " tag="500">
			<marc:subfield code="a">Framed as a published court document.</marc:subfield>
		</marc:datafield>
		<marc:datafield ind1=" " ind2=" " tag="500">
			<marc:subfield code="a">Appears to have been rebound with another work by the same author, "The Isle of Pines." It is unclear, although it looks unlikely, whether they were originally bound together as well.</marc:subfield>
		</marc:datafield>
		<marc:datafield ind1=" " ind2=" " tag="500">
			<marc:subfield code="a">Author (paratext); Author claim type: Proper name; Author claim transcription: B. Kingsmill, Cler. Parlamentorum; Author claim location: Note; Notes: Here, a clerk of Parlament claims (fictitiously, of course) that "the Ladies assembled in Parlament" ordered the publication of "their Orders and Votes" in order "to prevent all such misreports and Scandals."</marc:subfield>
		</marc:datafield>
		<marc:datafield ind1="4" ind2=" " tag="510">
			<marc:subfield code="a">ESTC</marc:subfield>
			<marc:subfield code="c">N70332</marc:subfield>
		</marc:datafield>
		<marc:datafield ind1=" " ind2=" " tag="520">
			<marc:subfield code="a">Note</marc:subfield>
			<marc:subfield code="b">Vespere Diei Veneris Martii 26, 1647</marc:subfield>
			<marc:subfield code="c">Front</marc:subfield>
			<marc:subfield code="x">Here, a clerk of Parlament claims (fictitiously, of course) that "the Ladies assembled in Parlament" ordered the publication of "their Orders and Votes" in order "to prevent all such misreports and Scandals." Their published orders and votes are included in the text that follows.</marc:subfield>
		</marc:datafield>
		<marc:datafield ind1="4" ind2=" " tag="592">
			<marc:subfield code="a">Third-person</marc:subfield>
			<marc:subfield code="d">Framed as a court document.</marc:subfield>
		</marc:datafield>
		<marc:datafield ind1="4" ind2=" " tag="594">
			<marc:subfield code="a">R[illegible]</marc:subfield>
			<marc:subfield code="b">Pencil</marc:subfield>
			<marc:subfield code="x">a12v, lower lefthand corner.</marc:subfield>
		</marc:datafield>
		<marc:datafield ind1=" " ind2=" " tag="595">
			<marc:subfield code="a">Pencil</marc:subfield>
			<marc:subfield code="b">Numbers</marc:subfield>
			<marc:subfield code="x">Library notation</marc:subfield>
			<marc:subfield code="x">Back pastedown endpaper.</marc:subfield>
		</marc:datafield>
		<marc:datafield ind1="4" ind2=" " tag="599">
			<marc:subfield code="a">Author (text)</marc:subfield>
			<marc:subfield code="b">Proper name</marc:subfield>
			<marc:subfield code="2">By Henry Neville</marc:subfield>
			<marc:subfield code="3">Title Page</marc:subfield>
			<marc:subfield code="5">Male</marc:subfield>
			<marc:subfield code="6">Male</marc:subfield>
		</marc:datafield>
		<marc:datafield ind1=" " ind2="0" tag="651">
			<marc:subfield code="a">Great Britain</marc:subfield>
			<marc:subfield code="x">History</marc:subfield>
			<marc:subfield code="y">Civil War, 1642-1649</marc:subfield>
			<marc:subfield code="x">Fiction.</marc:subfield>
		</marc:datafield>
		<marc:datafield ind1=" " ind2="4" tag="650">
			<marc:subfield code="a">CHR 1768</marc:subfield>
		</marc:datafield>
		<marc:datafield ind1=" " ind2=" " tag="700">
			<marc:subfield code="a">Neville, Henry</marc:subfield>
			<marc:subfield code="d">1564–1615</marc:subfield>
			<marc:subfield code="4">Author (text)</marc:subfield>
			<marc:subfield code="5">Authorized</marc:subfield>
		</marc:datafield>
		<marc:datafield ind1=" " ind2=" " tag="700">
			<marc:subfield code="a">Cadell, Thomas</marc:subfield>
			<marc:subfield code="d">1742-1802</marc:subfield>
			<marc:subfield code="4">Printed for</marc:subfield>
			<marc:subfield code="5">Authorized</marc:subfield>
		</marc:datafield>
		<marc:datafield ind1="0" ind2=" " tag="740">
			<marc:subfield code="a">Parlament of ladies.</marc:subfield>
		</marc:datafield>
		<marc:datafield ind1="0" ind2=" " tag="740">
			<marc:subfield code="a">Parliament of ladyes.</marc:subfield>
		</marc:datafield>
		<marc:datafield ind1="2" ind2=" " tag="710">
			<marc:subfield code="a">Collection of British and American Fiction, 1660-1830 (University of Pennsylvania)</marc:subfield>
			<marc:subfield code="5">PU</marc:subfield>
		</marc:datafield>
		<marc:datafield ind1="2" ind2=" " tag="710">
			<marc:subfield code="a">Early Novels</marc:subfield>
			<marc:subfield code="5">University of Pennsylvania</marc:subfield>
		</marc:datafield>
		<marc:datafield ind1=" " ind2=" " tag="950">
			<marc:subfield code="l">RBC</marc:subfield>
			<marc:subfield code="i">01/03/86 C</marc:subfield>
		</marc:datafield>
		<marc:datafield ind1=" " ind2=" " tag="955">
			<marc:subfield code="l">RBC</marc:subfield>
			<marc:subfield code="c">1</marc:subfield>
			<marc:subfield code="q">53-388</marc:subfield>
			<marc:subfield code="i">01/03/86 C</marc:subfield>
		</marc:datafield>
		<marc:datafield ind1=" " ind2=" " tag="989">
			<marc:subfield code="2">parlament</marc:subfield>
			<marc:subfield code="2">lady</marc:subfield>
			<marc:subfield code="3">divers</marc:subfield>
			<marc:subfield code="3">remarkable</marc:subfield>
			<marc:subfield code="2">order</marc:subfield>
			<marc:subfield code="4">Spring Garden</marc:subfield>
			<marc:subfield code="6">assemble</marc:subfield>
			<marc:subfield code="8">together</marc:subfield>
			<marc:subfield code="3">certain</marc:subfield>
			<marc:subfield code="2">vote</marc:subfield>
			<marc:subfield code="3">unlawful</marc:subfield>
			<marc:subfield code="2">assembly</marc:subfield>
			<marc:subfield code="4">Kate's</marc:subfield>
			<marc:subfield code="4">Covent Garden</marc:subfield>
			<marc:subfield code="3">both</marc:subfield>
			<marc:subfield code="6">send</marc:subfield>
			<marc:subfield code="2">abroad</marc:subfield>
			<marc:subfield code="6">prevent</marc:subfield>
			<marc:subfield code="2">misinformation</marc:subfield>
			<marc:subfield code="2">garden</marc:subfield>
			<marc:subfield code="2">spring</marc:subfield>
		</marc:datafield>
		<marc:datafield ind1=" " ind2=" " tag="999">
			<marc:subfield code="a">GE</marc:subfield>
			<marc:subfield code="b">6/26/2015</marc:subfield>
			<marc:subfield code="c">Swarthmore College</marc:subfield>
			<marc:subfield code="d">IH</marc:subfield>
		</marc:datafield>
	</marc:record>