
	<marc:record>
		<marc:leader>01673cam a2200313 i 4500</marc:leader>
		<marc:controlfield tag="001">2403268</marc:controlfield>
		<marc:controlfield tag="005">20141212144524.0</marc:controlfield>
		<marc:controlfield tag="008">981119q17201729enk           000 0 eng  </marc:controlfield>
		<marc:datafield ind1=" " ind2=" " tag="035">
			<marc:subfield code="a">(OCoLC)ocm84225618</marc:subfield>
		</marc:datafield>
		<marc:datafield ind1=" " ind2=" " tag="035">
			<marc:subfield code="a">(OCoLC)84225618</marc:subfield>
		</marc:datafield>
		<marc:datafield ind1=" " ind2=" " tag="035">
			<marc:subfield code="a">2403268</marc:subfield>
		</marc:datafield>
		<marc:datafield ind1=" " ind2=" " tag="040">
			<marc:subfield code="a">PU</marc:subfield>
			<marc:subfield code="c">PU</marc:subfield>
			<marc:subfield code="e">dcrb</marc:subfield>
		</marc:datafield>
		<marc:datafield ind1="1" ind2=" " tag="041">
			<marc:subfield code="a">eng</marc:subfield>
			<marc:subfield code="h">ara</marc:subfield>
		</marc:datafield>
		<marc:datafield ind1="2" ind2=" " tag="100">
			<marc:subfield code="a">Ibn òTufayl, Muòhammad ibn °Abd al-Malik,</marc:subfield>
			<marc:subfield code="d">d. 11</marc:subfield>
		</marc:datafield>
		<marc:datafield ind1="5" ind2=" " tag="240">
			<marc:subfield code="a">Risåalat òHayy ibn Yaqòzåan.</marc:subfield>
			<marc:subfield code="l"/>
		</marc:datafield>
		<marc:datafield ind1=" " ind2=" " tag="245">
			<marc:subfield code="a">The life and pleasant adventures of Don Juliani :</marc:subfield>
			<marc:subfield code="b">a Portuguese who liv'd 40 years alone, on an island in the East-Indies : with a manner of his deliverance by a hermet, who retir'd to that island, and their surprizing conversation together : and other passages of no less conse</marc:subfield>
		</marc:datafield>
		<marc:datafield ind1=" " ind2=" " tag="246">
			<marc:subfield code="a">The life and pleasant adventures of Don Juliani, a Portuguese; who liv'd 40 years alone, on an island in the East-Indies. With the manner of his deliverance by a hermet, who retir'd to that island, and their surprising conversation together. And other passages of no less consequence. The second edition.</marc:subfield>
			<marc:subfield code="d">Letter-press</marc:subfield>
			<marc:subfield code="f">Full</marc:subfield>
			<marc:subfield code="x">Work</marc:subfield>
		</marc:datafield>
		<marc:datafield ind1=" " ind2=" " tag="250">
			<marc:subfield code="a">The second edition.</marc:subfield>
			<marc:subfield code="b">Second edition</marc:subfield>
		</marc:datafield>
		<marc:datafield ind1=" " ind2=" " tag="260">
			<marc:subfield code="a">London</marc:subfield>
			<marc:subfield code="b">Printed for T. Warner, at the Black Boy, Pater-Noster Row; J. Nutt, at the Royal Exchange, M. Griffiths, at the London Gazzatte, Charing Cross.</marc:subfield>
			<marc:subfield code="c">[?]</marc:subfield>
		</marc:datafield>
		<marc:datafield ind1=" " ind2=" " tag="300">
			<marc:subfield code="a">[8], 78 p. ;</marc:subfield>
			<marc:subfield code="c">18 cm</marc:subfield>
			<marc:subfield code="x">Octavo</marc:subfield>
		</marc:datafield>
		<marc:datafield ind1=" " ind2=" " tag="500">
			<marc:subfield code="a">"An abridged translation of the 'Philosophus autodidactus' [i.e. Risåalat òHayy ibn Yaqòzåan] of Abu ibn al-Tuf</marc:subfield>
		</marc:datafield>
		<marc:datafield ind1=" " ind2=" " tag="500">
			<marc:subfield code="a">This ed. was probably printed in the 1720's when T. Warner is thought to have b[cataloger did not complete sentence].</marc:subfield>
		</marc:datafield>
		<marc:datafield ind1=" " ind2=" " tag="500">
			<marc:subfield code="a">Cf. ES</marc:subfield>
		</marc:datafield>
		<marc:datafield ind1=" " ind2=" " tag="500">
			<marc:subfield code="a">Bound with The desperadoes, and three plays.</marc:subfield>
		</marc:datafield>
		<marc:datafield ind1=" " ind2=" " tag="500">
			<marc:subfield code="a">Preface: claim that actual source text Philosophus autodidactus is rather an adaptation of the Portuguese version of this work: "...Hai Ebn Yokdan, or the Self-Taught Philosopher; which, 'tho pretended to be translated from the Arabick [sic], was certainly little better than a paraphrase upon this history." </marc:subfield>
		</marc:datafield>
		<marc:datafield ind1=" " ind2=" " tag="500">
			<marc:subfield code="a">Preface: claim that Robinson Crusoe is an adaptation of this work: "...The late History of Robinson Crusoe; which plainly shows its author had his first hints from hence."</marc:subfield>
		</marc:datafield>
		<marc:datafield ind1=" " ind2=" " tag="500">
			<marc:subfield code="a">Heading of first page of text inlcudes "The life and surprising adventures of Don Antonio de Trezz." Suggests a connection between this work and the 1761 book, The life and surprising adventures of Don Antonio de Trezzanio. It is certain that both, at least, have the same source text, Philosophus autodidactus.</marc:subfield>
		</marc:datafield>
		<marc:datafield ind1=" " ind2=" " tag="520">
			<marc:subfield code="a">Preface</marc:subfield>
			<marc:subfield code="z">The preface.</marc:subfield>
			<marc:subfield code="z">Front</marc:subfield>
			<marc:subfield code="x">"The following papers, when they were first presented to the world, were receiv'd with such applause as scarce any thing of this nature had ever met with."</marc:subfield>
		</marc:datafield>
		<marc:datafield ind1=" " ind2="4" tag="590">
			<marc:subfield code="a">With: Marini, Giovanni Amborgio.  [Gare de' disperati].  The desperadoes, an heroick history.  London : Printed by W. R. and sold by T. Astley ..., J. Isted ..., and T. Worall</marc:subfield>
		</marc:datafield>
		<marc:datafield ind1=" " ind2=" " tag="596">
			<marc:subfield code="a">Translation</marc:subfield>
			<marc:subfield code="b">Preface</marc:subfield>
			<marc:subfield code="c">Portuguese</marc:subfield>
			<marc:subfield code="e">The following papers...were originally wrote in the Portuguese language...</marc:subfield>
			<marc:subfield code="x">While the Preface also remarks on a French translation, text in Preface and final line of main text heading ("Translated from the Portuguese") emphasize that the text is a direct translation of the Portuguese, and not indirect translation by way of French.</marc:subfield>
		</marc:datafield>
		<marc:datafield ind1=" " ind2=" " tag="599">
			<marc:subfield code="a">Translator (source text)</marc:subfield>
			<marc:subfield code="b">Proper name</marc:subfield>
			<marc:subfield code="2">They were originally wrote in the Portuguese language, from whence they were very speedily translated by the Sieur Moulin, into the French tongue.</marc:subfield>
			<marc:subfield code="3">Preface</marc:subfield>
			<marc:subfield code="5">Male</marc:subfield>
			<marc:subfield code="6">Unknown</marc:subfield>
			<marc:subfield code="7">Term, 'Translator (source text)' signifies the person said to have translated Don Juliani from Portuguese into French. The source text author of the 700 field does not, however, indicate the author of either the Portuguese or French version of Don Juliani, but rather the author of the verified source material 'Philosophus autodidactus'.</marc:subfield>
		</marc:datafield>
		<marc:datafield ind1=" " ind2=" " tag="599">
			<marc:subfield code="a">Translator (text)</marc:subfield>
			<marc:subfield code="b">Generic/Descriptive</marc:subfield>
			<marc:subfield code="2">It was the universal approbation which these two pieces met with, which first prevailed upon me to attempt a close translation of this treatise...I have taken care neither to add nor diminish: but to stick as close to the original as the idioms of the portuguese language would allow me.</marc:subfield>
			<marc:subfield code="3">Preface</marc:subfield>
			<marc:subfield code="5">Male</marc:subfield>
			<marc:subfield code="6">Unknown</marc:subfield>
		</marc:datafield>
		<marc:datafield ind1=" " ind2=" " tag="599">
			<marc:subfield code="a">Author (paratext)</marc:subfield>
			<marc:subfield code="b">Generic/Descriptive</marc:subfield>
			<marc:subfield code="2">It was the universal approbation wich these two pieces met with, which first prevailed upon me to attempt a close translation of this treatise...I have taken care neither to add nor diminish: but to stick as close to the original as the idioms of the portuguese language would allow me.</marc:subfield>
			<marc:subfield code="3">Preface</marc:subfield>
			<marc:subfield code="5">Male</marc:subfield>
			<marc:subfield code="6">Unknown</marc:subfield>
			<marc:subfield code="7">Translator of text into English seems to be author of Preface.</marc:subfield>
		</marc:datafield>
		<marc:datafield ind1=" " ind2=" " tag="655">
			<marc:subfield code="a">Advertisements</marc:subfield>
			<marc:subfield code="z">England</marc:subfield>
			<marc:subfield code="z">London</marc:subfield>
			<marc:subfield code="y">18th centu</marc:subfield>
		</marc:datafield>
		<marc:datafield ind1=" " ind2=" " tag="656">
			<marc:subfield code="a">Mixed</marc:subfield>
			<marc:subfield code="b">Front</marc:subfield>
			<marc:subfield code="c">No relation</marc:subfield>
		</marc:datafield>
		<marc:datafield ind1=" " ind2=" " tag="700">
			<marc:subfield code="a">Warner, T.</marc:subfield>
			<marc:subfield code="4">Printed for</marc:subfield>
			<marc:subfield code="5">Authorized</marc:subfield>
		</marc:datafield>
		<marc:datafield ind1=" " ind2=" " tag="700">
			<marc:subfield code="a">Nutt, John</marc:subfield>
			<marc:subfield code="4">Printed for</marc:subfield>
			<marc:subfield code="5">Authorized</marc:subfield>
		</marc:datafield>
		<marc:datafield ind1=" " ind2=" " tag="700">
			<marc:subfield code="a">Griffiths, M.</marc:subfield>
			<marc:subfield code="4">Printed for</marc:subfield>
			<marc:subfield code="5">Unauthorized</marc:subfield>
		</marc:datafield>
		<marc:datafield ind1=" " ind2=" " tag="700">
			<marc:subfield code="a">Ibn Tufayl, Muhammad ibn Abd al-Malik</marc:subfield>
			<marc:subfield code="d">-1185</marc:subfield>
			<marc:subfield code="4">Author(source text)</marc:subfield>
			<marc:subfield code="4">Authorized</marc:subfield>
		</marc:datafield>
		<marc:datafield ind1=" " ind2=" " tag="710">
			<marc:subfield code="a">T. Warner, J. Nutt, and M. Griffiths</marc:subfield>
			<marc:subfield code="4">Printed for</marc:subfield>
			<marc:subfield code="5">Unauthorized</marc:subfield>
		</marc:datafield>
		<marc:datafield ind1=" " ind2=" " tag="710">
			<marc:subfield code="a">Early Novels</marc:subfield>
			<marc:subfield code="5">University of Pennsylvania</marc:subfield>
		</marc:datafield>
		<marc:datafield ind1=" " ind2=" " tag="989">
			<marc:subfield code="2">Life</marc:subfield>
			<marc:subfield code="3">Pleasant</marc:subfield>
			<marc:subfield code="2">Adventure</marc:subfield>
			<marc:subfield code="5">Don Juliani</marc:subfield>
			<marc:subfield code="2">Don</marc:subfield>
			<marc:subfield code="2">Portuguese</marc:subfield>
			<marc:subfield code="6">Live</marc:subfield>
			<marc:subfield code="3">Forty</marc:subfield>
			<marc:subfield code="2">Year</marc:subfield>
			<marc:subfield code="3">Alone</marc:subfield>
			<marc:subfield code="2">Island</marc:subfield>
			<marc:subfield code="4">East-Indies</marc:subfield>
			<marc:subfield code="2">Manner</marc:subfield>
			<marc:subfield code="2">Deliverance</marc:subfield>
			<marc:subfield code="2">Hermit</marc:subfield>
			<marc:subfield code="6">Retire</marc:subfield>
			<marc:subfield code="3">Surprising</marc:subfield>
			<marc:subfield code="2">Conversation</marc:subfield>
			<marc:subfield code="8">Together</marc:subfield>
			<marc:subfield code="3">Other</marc:subfield>
			<marc:subfield code="2">Passage</marc:subfield>
			<marc:subfield code="3">Less</marc:subfield>
			<marc:subfield code="2">Consequence</marc:subfield>
			<marc:subfield code="3">Second</marc:subfield>
			<marc:subfield code="2">Edition</marc:subfield>
		</marc:datafield>
		<marc:datafield ind1=" " ind2=" " tag="999">
			<marc:subfield code="a">KGP</marc:subfield>
			<marc:subfield code="b">7/14/15</marc:subfield>
			<marc:subfield code="c">Haverford College</marc:subfield>
			<marc:subfield code="d">IH</marc:subfield>
		</marc:datafield>
	</marc:record>