
	<marc:record>
		<marc:leader>01841cam a2200385 i 4500</marc:leader>
		<marc:controlfield tag="001">3446611</marc:controlfield>
		<marc:controlfield tag="005">20141218114809.0</marc:controlfield>
		<marc:controlfield tag="008">770210s1722    enk           000 1 eng d</marc:controlfield>
		<marc:datafield ind1=" " ind2=" " tag="026">
			<marc:subfield code="e">'d'd ntce ngad asas (3) 1722 (A)</marc:subfield>
			<marc:subfield code="2">fei</marc:subfield>
		</marc:datafield>
		<marc:datafield ind1=" " ind2=" " tag="035">
			<marc:subfield code="a">(OCoLC)ocm02731218</marc:subfield>
		</marc:datafield>
		<marc:datafield ind1=" " ind2=" " tag="035">
			<marc:subfield code="a">(OCoLC)2731218</marc:subfield>
		</marc:datafield>
		<marc:datafield ind1=" " ind2=" " tag="035">
			<marc:subfield code="a">3446611</marc:subfield>
		</marc:datafield>
		<marc:datafield ind1=" " ind2=" " tag="040">
			<marc:subfield code="a">EMU</marc:subfield>
			<marc:subfield code="c">EMU</marc:subfield>
			<marc:subfield code="d">OCLCQ</marc:subfield>
			<marc:subfield code="d">PU</marc:subfield>
		</marc:datafield>
		<marc:datafield ind1="1" ind2=" " tag="100">
			<marc:subfield code="a">Defoe, Daniel,</marc:subfield>
			<marc:subfield code="d">1661?-1731.</marc:subfield>
		</marc:datafield>
		<marc:datafield ind1="1" ind2="2" tag="245">
			<marc:subfield code="a">A journal of the plague year :</marc:subfield>
			<marc:subfield code="b">being observations or memorials, of the most remarkable occurrences, as well publick as private, which happened in London during the last great visitation in 1665 /</marc:subfield>
			<marc:subfield code="c">written by a citizen who continued all the while in London ; Never made publick before.</marc:subfield>
		</marc:datafield>
		<marc:datafield ind1="1" ind2="2" tag="246">
			<marc:subfield code="a">A Journal of the plague year, &amp;c.</marc:subfield>
			<marc:subfield code="d">Letter-press</marc:subfield>
			<marc:subfield code="g">Half</marc:subfield>
			<marc:subfield code="x">Work</marc:subfield>
		</marc:datafield>
		<marc:datafield ind1="1" ind2="2" tag="246">
			<marc:subfield code="a">A Journal of the plague year: being observations or memorials, of the most remarkable occurrences, as well publick as private, which happened in London during the last great visitation in 1665. Written by a citizen who continued all the while in London. Never made public before</marc:subfield>
			<marc:subfield code="d">Letter-press</marc:subfield>
			<marc:subfield code="g">Full</marc:subfield>
			<marc:subfield code="x">Work</marc:subfield>
		</marc:datafield>
		<marc:datafield ind1="0" ind2="7" tag="246">
			<marc:subfield code="a">Memoirs of the plague.</marc:subfield>
		</marc:datafield>
		<marc:datafield ind1="0" ind2="7" tag="246">
			<marc:subfield code="a">Memoirs of (verso)</marc:subfield>
			<marc:subfield code="a">the plague. (recto)</marc:subfield>
		</marc:datafield>
		<marc:datafield ind1=" " ind2=" " tag="260">
			<marc:subfield code="a">London</marc:subfield>
			<marc:subfield code="b">Printed for E. Nutt at the Royal-Exchange; J. Roberts in Warwick-Lane; A. Dodd without Temple-Bar; and J. Graves in St. James's-Street</marc:subfield>
			<marc:subfield code="c">1722.</marc:subfield>
		</marc:datafield>
		<marc:datafield ind1=" " ind2=" " tag="300">
			<marc:subfield code="a">[4], 287, [1] p. ;</marc:subfield>
			<marc:subfield code="c">20 cm. (8vo)</marc:subfield>
			<marc:subfield code="x">Octavo</marc:subfield>
		</marc:datafield>
		<marc:datafield ind1=" " ind2=" " tag="500">
			<marc:subfield code="a">Signed at the end: H.F., i.e. Daniel Defoe.</marc:subfield>
		</marc:datafield>
		<marc:datafield ind1=" " ind2=" " tag="500">
			<marc:subfield code="a">Running title: Memoirs of the plague.</marc:subfield>
		</marc:datafield>
		<marc:datafield ind1=" " ind2=" " tag="500">
			<marc:subfield code="a">Pages 218, 270 and 271 misnumbered 281, 290 and 291 respectively.</marc:subfield>
		</marc:datafield>
		<marc:datafield ind1=" " ind2=" " tag="500">
			<marc:subfield code="a">Head and tail-pieces; initials.</marc:subfield>
		</marc:datafield>
		<marc:datafield ind1=" " ind2=" " tag="500">
			<marc:subfield code="a">Signatures: [A]² B-T⁸.</marc:subfield>
		</marc:datafield>
		<marc:datafield ind1=" " ind2=" " tag="500">
			<marc:subfield code="a">Leaf O4 unsigned.</marc:subfield>
		</marc:datafield>
		<marc:datafield ind1=" " ind2=" " tag="500">
			<marc:subfield code="a">Tables of burials by date pg. 3-5, pg. 47, pg. 131, pg. 177, pg. 215, pg. 217, pg. 237</marc:subfield>
		</marc:datafield>
		<marc:datafield ind1=" " ind2=" " tag="500">
			<marc:subfield code="a">Visual representations of the charms used to combat the plague on pg. 40. The word ABRACADABRA is arranged in a triangle, with each line omitting one more letter from the word.</marc:subfield>
		</marc:datafield>
		<marc:datafield ind1=" " ind2=" " tag="500">
			<marc:subfield code="a">Simulated official ordinances from the government to various offices from pg. 46 to 49. "Orders concerning infected houses, and persons sick from the plague" from pg. 49 to 53. "Orders for cleaning and keeping the streets sweet" from pg. 53 to 56. </marc:subfield>
		</marc:datafield>
		<marc:datafield ind1=" " ind2=" " tag="500">
			<marc:subfield code="a">Word carving depicted as centered toggle caps on pg. 174.</marc:subfield>
		</marc:datafield>
		<marc:datafield ind1=" " ind2=" " tag="500">
			<marc:subfield code="a">"Bill of mortality," table of deaths from all diseases and the plague, on pg. 115.</marc:subfield>
		</marc:datafield>
		<marc:datafield ind1=" " ind2=" " tag="500">
			<marc:subfield code="a">Table of infant deaths, miscarriages, and stillborns from January 3rd to October 3rd on pg. 135.</marc:subfield>
		</marc:datafield>
		<marc:datafield ind1=" " ind2=" " tag="500">
			<marc:subfield code="a">Representations of advertisements and bills for the plague in all-caps and indented italics on pg.36-37. </marc:subfield>
		</marc:datafield>
		<marc:datafield ind1=" " ind2=" " tag="500">
			<marc:subfield code="a">List of people's reactions to the plague pg. 111</marc:subfield>
		</marc:datafield>
		<marc:datafield ind1=" " ind2=" " tag="500">
			<marc:subfield code="a">Dialogic interludes conveyed in italics.</marc:subfield>
		</marc:datafield>
		<marc:datafield ind1=" " ind2=" " tag="500">
			<marc:subfield code="a">Dramatic dialogue pg.151-152, pg. 157-160.</marc:subfield>
		</marc:datafield>
		<marc:datafield ind1=" " ind2=" " tag="500">
			<marc:subfield code="a">Bookplate front paste-down endpaper depicts a coat of arms with a cross sword-and-cross and the Latin phrase "crux mihi grata quien." Bears the name "I.W. Adam."</marc:subfield>
		</marc:datafield>
		<marc:datafield ind1=" " ind2=" " tag="500">
			<marc:subfield code="a">Rebound in a 19th century style.</marc:subfield>
		</marc:datafield>
		<marc:datafield ind1=" " ind2=" " tag="500">
			<marc:subfield code="a">University of Pennsylvania Rare Book Collection sticker.</marc:subfield>
		</marc:datafield>
		<marc:datafield ind1=" " ind2=" " tag="500">
			<marc:subfield code="a">Library marginalia, back paste-down endpaper and on bookplate.</marc:subfield>
		</marc:datafield>
		<marc:datafield ind1="4" ind2=" " tag="510">
			<marc:subfield code="a">ESTC,</marc:subfield>
			<marc:subfield code="c">T70342</marc:subfield>
		</marc:datafield>
		<marc:datafield ind1="4" ind2=" " tag="510">
			<marc:subfield code="a">Moore, J.R. Checklist of the writings of Daniel Defoe,</marc:subfield>
			<marc:subfield code="c">449</marc:subfield>
		</marc:datafield>
		<marc:datafield ind1="4" ind2=" " tag="510">
			<marc:subfield code="a">McBurney, W.H. Engl. prose fiction,</marc:subfield>
			<marc:subfield code="c">130</marc:subfield>
		</marc:datafield>
		<marc:datafield ind1=" " ind2=" " tag="520">
			<marc:subfield code="a">Footnote</marc:subfield>
			<marc:subfield code="c">Middle</marc:subfield>
			<marc:subfield code="x">pg.157-160, pg. 251</marc:subfield>
		</marc:datafield>
		<marc:datafield ind1=" " ind2=" " tag="590">
			<marc:subfield code="a">Culture Class Collection copy has bookplate of I.W. Adam on inside pastedown.</marc:subfield>
		</marc:datafield>
		<marc:datafield ind1=" " ind2=" " tag="592">
			<marc:subfield code="a">First person</marc:subfield>
			<marc:subfield code="b">Dramatic dialogue</marc:subfield>
			<marc:subfield code="c">Poem</marc:subfield>
			<marc:subfield code="x">Tables, graphic representations of spells, official ordinances</marc:subfield>
		</marc:datafield>
		<marc:datafield ind1=" " ind2=" " tag="599">
			<marc:subfield code="a">Author (text)</marc:subfield>
			<marc:subfield code="b">Generic/descriptive</marc:subfield>
			<marc:subfield code="2">Written by a citizen who continued all the while in London. Never made publick before</marc:subfield>
			<marc:subfield code="3">Title-page</marc:subfield>
			<marc:subfield code="5">Indeterminate</marc:subfield>
		</marc:datafield>
		<marc:datafield ind1=" " ind2="0" tag="650">
			<marc:subfield code="a">Plague</marc:subfield>
			<marc:subfield code="z">England</marc:subfield>
			<marc:subfield code="z">London</marc:subfield>
			<marc:subfield code="x">History</marc:subfield>
			<marc:subfield code="y">17th century</marc:subfield>
			<marc:subfield code="v">Fiction.</marc:subfield>
		</marc:datafield>
		<marc:datafield ind1=" " ind2="4" tag="650">
			<marc:subfield code="a">CHR 1722</marc:subfield>
		</marc:datafield>
		<marc:datafield ind1=" " ind2="4" tag="650">
			<marc:subfield code="a">PRO Adam, I.W. (bookplate)</marc:subfield>
		</marc:datafield>
		<marc:datafield ind1="2" ind2=" " tag="700">
			<marc:subfield code="a">Defoe, Daniel</marc:subfield>
			<marc:subfield code="d">1660–1731</marc:subfield>
			<marc:subfield code="4">Author (text)</marc:subfield>
			<marc:subfield code="5">Authorized</marc:subfield>
		</marc:datafield>
		<marc:datafield ind1="2" ind2=" " tag="700">
			<marc:subfield code="a">Nutt, Elizabeth</marc:subfield>
			<marc:subfield code="d">fl. 1720-1731</marc:subfield>
			<marc:subfield code="4">Printed for</marc:subfield>
			<marc:subfield code="5">Authorized</marc:subfield>
		</marc:datafield>
		<marc:datafield ind1="2" ind2=" " tag="700">
			<marc:subfield code="a">Roberts, James</marc:subfield>
			<marc:subfield code="d">fl. 1720-1731</marc:subfield>
			<marc:subfield code="4">Printed for</marc:subfield>
			<marc:subfield code="5">Authorized</marc:subfield>
		</marc:datafield>
		<marc:datafield ind1="2" ind2=" " tag="700">
			<marc:subfield code="a">Dodd, A.</marc:subfield>
			<marc:subfield code="d">fl. 1714-1731</marc:subfield>
			<marc:subfield code="4">Printed for</marc:subfield>
			<marc:subfield code="5">Authorized</marc:subfield>
		</marc:datafield>
		<marc:datafield ind1="2" ind2=" " tag="700">
			<marc:subfield code="a">Graves, John</marc:subfield>
			<marc:subfield code="d">fl. 1714-1731</marc:subfield>
			<marc:subfield code="4">Printed for</marc:subfield>
			<marc:subfield code="5">Authorized</marc:subfield>
		</marc:datafield>
		<marc:datafield ind1="2" ind2=" " tag="700">
			<marc:subfield code="a">Adam, I.W.</marc:subfield>
			<marc:subfield code="4">Author(bookplate)</marc:subfield>
			<marc:subfield code="5">Unauthorized</marc:subfield>
		</marc:datafield>
		<marc:datafield ind1="2" ind2=" " tag="700">
			<marc:subfield code="a">E. Nutt, J. Roberts, A. Dodd, and J. Graves</marc:subfield>
			<marc:subfield code="4">Printed for</marc:subfield>
			<marc:subfield code="5">Unauthorized</marc:subfield>
		</marc:datafield>
		<marc:datafield ind1="2" ind2=" " tag="710">
			<marc:subfield code="a">Collection of British and American Fiction, 1660-1830 (University of Pennsylvania)</marc:subfield>
			<marc:subfield code="5">PU</marc:subfield>
		</marc:datafield>
		<marc:datafield ind1="2" ind2=" " tag="710">
			<marc:subfield code="a">Culture Class Collection (University of Pennsylvania)</marc:subfield>
			<marc:subfield code="5">PU</marc:subfield>
		</marc:datafield>
		<marc:datafield ind1="2" ind2=" " tag="710">
			<marc:subfield code="a">English Culture Class Collection (University of Pennsylvania)</marc:subfield>
			<marc:subfield code="5">PU</marc:subfield>
		</marc:datafield>
		<marc:datafield ind1="2" ind2=" " tag="710">
			<marc:subfield code="a">Early Novels</marc:subfield>
			<marc:subfield code="5">University of Pennsylvania</marc:subfield>
		</marc:datafield>
		<marc:datafield ind1=" " ind2=" " tag="752">
			<marc:subfield code="a">England</marc:subfield>
			<marc:subfield code="d">London.</marc:subfield>
		</marc:datafield>
		<marc:datafield ind1=" " ind2=" " tag="994">
			<marc:subfield code="a">E0</marc:subfield>
			<marc:subfield code="b">PAU</marc:subfield>
		</marc:datafield>
		<marc:datafield ind1=" " ind2=" " tag="989">
			<marc:subfield code="2">Journal</marc:subfield>
			<marc:subfield code="7">Journal</marc:subfield>
			<marc:subfield code="2">Plague</marc:subfield>
			<marc:subfield code="2">Year</marc:subfield>
			<marc:subfield code="6">Be</marc:subfield>
			<marc:subfield code="2">Observation</marc:subfield>
			<marc:subfield code="2">Memorial</marc:subfield>
			<marc:subfield code="3">Most</marc:subfield>
			<marc:subfield code="3">Remarkable</marc:subfield>
			<marc:subfield code="2">Occurence</marc:subfield>
			<marc:subfield code="3">Publick</marc:subfield>
			<marc:subfield code="3">Private</marc:subfield>
			<marc:subfield code="6">Happen</marc:subfield>
			<marc:subfield code="4">London</marc:subfield>
			<marc:subfield code="3">Great</marc:subfield>
			<marc:subfield code="2">Visitation</marc:subfield>
			<marc:subfield code="2">1665</marc:subfield>
		</marc:datafield>
		<marc:datafield ind1=" " ind2=" " tag="999">
			<marc:subfield code="a">GE</marc:subfield>
			<marc:subfield code="b">7/14/15</marc:subfield>
			<marc:subfield code="c">Swarthmore College</marc:subfield>
			<marc:subfield code="d">NB</marc:subfield>
		</marc:datafield>
	</marc:record>