
	<marc:record>
		<marc:leader>01897cam a2200433 i 4500</marc:leader>
		<marc:controlfield tag="001">3447819</marc:controlfield>
		<marc:controlfield tag="005">20141218114935.0</marc:controlfield>
		<marc:controlfield tag="008">760826s1705    enk           000 1 eng  </marc:controlfield>
		<marc:datafield ind1=" " ind2=" " tag="010">
			<marc:subfield code="a">   09000938 </marc:subfield>
		</marc:datafield>
		<marc:datafield ind1=" " ind2=" " tag="026">
			<marc:subfield code="e">eete ndx- b-th leit (3) 1705 (A)</marc:subfield>
			<marc:subfield code="2">fei</marc:subfield>
		</marc:datafield>
		<marc:datafield ind1=" " ind2=" " tag="035">
			<marc:subfield code="a">(OCoLC)ocm02398688</marc:subfield>
		</marc:datafield>
		<marc:datafield ind1=" " ind2=" " tag="035">
			<marc:subfield code="a">(OCoLC)2398688</marc:subfield>
		</marc:datafield>
		<marc:datafield ind1=" " ind2=" " tag="035">
			<marc:subfield code="a">3447819</marc:subfield>
		</marc:datafield>
		<marc:datafield ind1=" " ind2=" " tag="040">
			<marc:subfield code="a">DLC</marc:subfield>
			<marc:subfield code="c">TU</marc:subfield>
			<marc:subfield code="d">DLC</marc:subfield>
		</marc:datafield>
		<marc:datafield ind1="0" ind2="0" tag="050">
			<marc:subfield code="a">PZ3.D362</marc:subfield>
			<marc:subfield code="b">C</marc:subfield>
		</marc:datafield>
		<marc:datafield ind1="1" ind2=" " tag="100">
			<marc:subfield code="a">Defoe, Daniel,</marc:subfield>
			<marc:subfield code="d">1661?-1731.</marc:subfield>
		</marc:datafield>
		<marc:datafield ind1="1" ind2="4" tag="245">
			<marc:subfield code="a">The consolidator, or , Memoirs of sundry transactions from the world in the moon /</marc:subfield>
			<marc:subfield code="c">translated from the lunar language, by the author of The true-born Englishman.</marc:subfield>
		</marc:datafield>
		<marc:datafield ind1="3" ind2="0" tag="246">
			<marc:subfield code="a">The consolidator: or, memoirs of sundry transactions from the world in the moon. Translated from the lunar language. By the author of The true-born English man.</marc:subfield>
			<marc:subfield code="d">Letter-press</marc:subfield>
			<marc:subfield code="g">Full</marc:subfield>
			<marc:subfield code="x">Work</marc:subfield>
		</marc:datafield>
		<marc:datafield ind1=" " ind2=" " tag="260">
			<marc:subfield code="a">London</marc:subfield>
			<marc:subfield code="b">Printed, and are to be sold by Benj. Bragg at the Blue Ball in Ave-mary-lane</marc:subfield>
			<marc:subfield code="c">1705</marc:subfield>
		</marc:datafield>
		<marc:datafield ind1=" " ind2=" " tag="300">
			<marc:subfield code="a">[4], 360 p. ;</marc:subfield>
			<marc:subfield code="c">19 cm. (8vo)</marc:subfield>
			<marc:subfield code="x">Octavo</marc:subfield>
		</marc:datafield>
		<marc:datafield ind1=" " ind2=" " tag="500">
			<marc:subfield code="a">The author of The true-born English-man is Daniel Defoe.</marc:subfield>
		</marc:datafield>
		<marc:datafield ind1=" " ind2=" " tag="500">
			<marc:subfield code="a">With half-title on first leaf.</marc:subfield>
		</marc:datafield>
		<marc:datafield ind1=" " ind2=" " tag="500">
			<marc:subfield code="a">Signatures: [A]1 B-Z⁸ Aa⁴.</marc:subfield>
		</marc:datafield>
		<marc:datafield ind1=" " ind2=" " tag="500">
			<marc:subfield code="a">Pp. 258 and 259 mispaginated as 158 and 159; p. 263 mispaginated as 163.</marc:subfield>
		</marc:datafield>
		<marc:datafield ind1=" " ind2=" " tag="500">
			<marc:subfield code="a">Library markings on verso of title page, p. 1, pp. 359-60, and back paste-down endpaper.</marc:subfield>
		</marc:datafield>
		<marc:datafield ind1=" " ind2=" " tag="500">
			<marc:subfield code="a">University of Pennsylvania library bookplate on front paste-down endpaper..</marc:subfield>
		</marc:datafield>
		<marc:datafield ind1="4" ind2=" " tag="510">
			<marc:subfield code="a">ESTC,</marc:subfield>
			<marc:subfield code="c">T66299</marc:subfield>
		</marc:datafield>
		<marc:datafield ind1="4" ind2=" " tag="510">
			<marc:subfield code="a">Halkett &amp; Laing. Anonymous and pseudonymous English literature,</marc:subfield>
			<marc:subfield code="c">v.1, p.421</marc:subfield>
		</marc:datafield>
		<marc:datafield ind1="4" ind2=" " tag="510">
			<marc:subfield code="a">McBurney, W.H. English prose fiction,</marc:subfield>
			<marc:subfield code="c">17</marc:subfield>
		</marc:datafield>
		<marc:datafield ind1="4" ind2=" " tag="510">
			<marc:subfield code="a">Moore, J.R. Checklist of the writings of Daniel Defoe,</marc:subfield>
			<marc:subfield code="c">93</marc:subfield>
		</marc:datafield>
		<marc:datafield ind1=" " ind2=" " tag="590">
			<marc:subfield code="a">Culture Class Collection copy imperfect: half-title wanting.</marc:subfield>
		</marc:datafield>
		<marc:datafield ind1=" " ind2=" " tag="590">
			<marc:subfield code="a">Culture Class Collection copy has partly illegible inscription on title page which reads "F.[?] H. Loveden".</marc:subfield>
		</marc:datafield>
		<marc:datafield ind1=" " ind2=" " tag="592">
			<marc:subfield code="a">First-person</marc:subfield>
			<marc:subfield code="b">Letters</marc:subfield>
			<marc:subfield code="c">Poems</marc:subfield>
			<marc:subfield code="d">Toward the end of the narrative, the narrator comes across a collection of "the most valuable parts of modern learning, especially of politicks, translated from our tongue, into the lunar dialect" (pp. 348-9). A selection of these books are listed on pp. 349-359.</marc:subfield>
			<marc:subfield code="x">Pp. 306-7 has a poem in the lunar language, translated into English on the following page. Another poem in English on p. 108.</marc:subfield>
		</marc:datafield>
		<marc:datafield ind1=" " ind2=" " tag="594">
			<marc:subfield code="a">[O. H. Loveden]</marc:subfield>
			<marc:subfield code="b">Ink</marc:subfield>
			<marc:subfield code="x">Title page</marc:subfield>
			<marc:subfield code="x">Illegible and partially torn</marc:subfield>
		</marc:datafield>
		<marc:datafield ind1=" " ind2=" " tag="595">
			<marc:subfield code="a">Pencil</marc:subfield>
			<marc:subfield code="b">Words</marc:subfield>
			<marc:subfield code="x">Title page</marc:subfield>
			<marc:subfield code="x">"Defoe, Daniel"</marc:subfield>
		</marc:datafield>
		<marc:datafield ind1=" " ind2=" " tag="595">
			<marc:subfield code="a">Pencil</marc:subfield>
			<marc:subfield code="b">Numbers</marc:subfield>
			<marc:subfield code="x">First page text</marc:subfield>
		</marc:datafield>
		<marc:datafield ind1=" " ind2=" " tag="595">
			<marc:subfield code="a">Ink</marc:subfield>
			<marc:subfield code="b">Words</marc:subfield>
			<marc:subfield code="b">Reader markings</marc:subfield>
			<marc:subfield code="b">Editorial markings</marc:subfield>
			<marc:subfield code="x">Notes in tiny, intricate cursive, most of which appear to give the reader's interpretation of the real-world equivalents of aspects of the fictional world.</marc:subfield>
			<marc:subfield code="x">“Charles I” and “Parliament” (p. 49).</marc:subfield>
			<marc:subfield code="x">"[several illegible words] 3 vols" (p. 50).</marc:subfield>
			<marc:subfield code="x">“Whigs and Tories.” (p. 51).</marc:subfield>
			<marc:subfield code="x">"i.e. put him in the Pillory which was Dan[]ls own [] are ______" (p. 68).</marc:subfield>
			<marc:subfield code="x">"Daniel wrote an Elegy addressed to the Pillory." (p. 69).</marc:subfield>
			<marc:subfield code="x">Text includes "Lord S---" and "Lord H---". Missing letters of names are filled out to read "Sunde[]" and "Harvey" (p. 107).</marc:subfield>
			<marc:subfield code="x">"Ireland" (p. 114).</marc:subfield>
			<marc:subfield code="x">“the french” and “England” (p. 116).</marc:subfield>
			<marc:subfield code="x">“witness Bonaparte who made us at one period [quite] unanimous” (p. 120).</marc:subfield>
			<marc:subfield code="x">"Pop[e]ry" (p. 127).</marc:subfield>
			<marc:subfield code="x">"The Duke of Monmouth natural Son to [] Charles the 2nd or as some say his legitimate Son by Lucy Waters to whom he had been really married." (p. 132).</marc:subfield>
			<marc:subfield code="x">Last letters of "invaded" in "invaded prince" written over, changing it to "invading"; note at the end of the paragraph adds "by Judge Jefferies and major Gen. Thi[cke]" (p. 133).</marc:subfield>
			<marc:subfield code="x">"he was undoubtedly brave when Duke of York comanding the british fleet" (p. 34).</marc:subfield>
			<marc:subfield code="x">“Liberty of Conscience” (p. 139).</marc:subfield>
			<marc:subfield code="x">Text refers to "a cunning fellow". Starred; note reads "[] who?" (p. 142).</marc:subfield>
			<marc:subfield code="x">"Ed Hyde Lord viscount Cornberg" (p. 148).</marc:subfield>
			<marc:subfield code="x">“beat the Concionazimir” underlined in the printed text. Note: “[thumpt] the C[]f[]” (p. 153).</marc:subfield>
			<marc:subfield code="x">"[prince] of Orange" (p. 155).</marc:subfield>
			<marc:subfield code="x">"[]bridge Alban[] Bene[] ine Monks." (p. 162).</marc:subfield>
			<marc:subfield code="x">"so Lord Ch[] ill afterward Duke of Marl[]" (p. 167).</marc:subfield>
			<marc:subfield code="x">"Princess Anne and Prince George of Denmark." (p. 168).</marc:subfield>
			<marc:subfield code="x">"Bill of Rights" (p. 191).</marc:subfield>
			<marc:subfield code="x">The phrase “Author of those Countries” starred in the printed text. Note: "Daniel himself." (p. 207).</marc:subfield>
			<marc:subfield code="x">"Such as [] Brentford. Lord Cochrane [of/at] Hon[]ton-Hom Took Charles [F]ox [] lately" (p. 262).</marc:subfield>
		</marc:datafield>
		<marc:datafield ind1=" " ind2=" " tag="595">
			<marc:subfield code="a">Pencil</marc:subfield>
			<marc:subfield code="b">Numbers</marc:subfield>
			<marc:subfield code="x">Back free endpaper</marc:subfield>
		</marc:datafield>
		<marc:datafield ind1=" " ind2=" " tag="596">
			<marc:subfield code="a">Translation</marc:subfield>
			<marc:subfield code="b">Title Page</marc:subfield>
			<marc:subfield code="c">Lunar language</marc:subfield>
			<marc:subfield code="e">Translated from the Lunar language.</marc:subfield>
			<marc:subfield code="x">Clearly fallacious claim.</marc:subfield>
		</marc:datafield>
		<marc:datafield ind1=" " ind2=" " tag="599">
			<marc:subfield code="a">Translator (text)</marc:subfield>
			<marc:subfield code="b">Reference to other works</marc:subfield>
			<marc:subfield code="2">Translated from the lunar language, by the author of The True-born English man.</marc:subfield>
			<marc:subfield code="3">Title Page</marc:subfield>
			<marc:subfield code="5">Indeterminate</marc:subfield>
			<marc:subfield code="6">Male</marc:subfield>
		</marc:datafield>
		<marc:datafield ind1=" " ind2="0" tag="650">
			<marc:subfield code="a">Interplanetary voyages</marc:subfield>
			<marc:subfield code="v">Fiction.</marc:subfield>
		</marc:datafield>
		<marc:datafield ind1=" " ind2="0" tag="651">
			<marc:subfield code="a">Moon</marc:subfield>
			<marc:subfield code="v">Fiction.</marc:subfield>
		</marc:datafield>
		<marc:datafield ind1=" " ind2="4" tag="650">
			<marc:subfield code="a">CHR 1705</marc:subfield>
		</marc:datafield>
		<marc:datafield ind1=" " ind2=" " tag="656">
			<marc:subfield code="a">Mixed Genre</marc:subfield>
			<marc:subfield code="b">Back</marc:subfield>
			<marc:subfield code="c">Same bookseller</marc:subfield>
			<marc:subfield code="c">Same publisher</marc:subfield>
			<marc:subfield code="c">Same author</marc:subfield>
			<marc:subfield code="x">Advertises two texts. "The double welcome: a poem, to the Duke of Marlborough" is identified as  written by "the author of the True-born English Man", like The Consolidator. No author given for the second text, "The experiment, or the shortest way with the dissenters exemplify'd", but according to ESTC this was also written by Defoe.</marc:subfield>
		</marc:datafield>
		<marc:datafield ind1=" " ind2=" " tag="700">
			<marc:subfield code="a">Defoe, Daniel</marc:subfield>
			<marc:subfield code="d">1660–1731</marc:subfield>
			<marc:subfield code="4">Author (text)</marc:subfield>
			<marc:subfield code="5">Authorized</marc:subfield>
		</marc:datafield>
		<marc:datafield ind1=" " ind2=" " tag="700">
			<marc:subfield code="a">Bragg, Benjamin</marc:subfield>
			<marc:subfield code="d">d. 1710</marc:subfield>
			<marc:subfield code="4">Sold by</marc:subfield>
			<marc:subfield code="5">Authorized</marc:subfield>
		</marc:datafield>
		<marc:datafield ind1=" " ind2=" " tag="700">
			<marc:subfield code="a">O. H. Loveden</marc:subfield>
			<marc:subfield code="4">Inscribed by</marc:subfield>
			<marc:subfield code="5">Unauthorized</marc:subfield>
		</marc:datafield>
		<marc:datafield ind1=" " ind2="4" tag="650">
			<marc:subfield code="a">PRO Loveden (inscription)</marc:subfield>
		</marc:datafield>
		<marc:datafield ind1="2" ind2=" " tag="710">
			<marc:subfield code="a">Collection of British and American Fiction, 1660-1830 (University of Pennsylvania)</marc:subfield>
			<marc:subfield code="5">PU</marc:subfield>
		</marc:datafield>
		<marc:datafield ind1="2" ind2=" " tag="710">
			<marc:subfield code="a">Culture Class Collection (University of Pennsylvania)</marc:subfield>
			<marc:subfield code="5">PU</marc:subfield>
		</marc:datafield>
		<marc:datafield ind1="2" ind2=" " tag="710">
			<marc:subfield code="a">Early Novels</marc:subfield>
			<marc:subfield code="5">University of Pennsylvania</marc:subfield>
		</marc:datafield>
		<marc:datafield ind1="2" ind2=" " tag="710">
			<marc:subfield code="a">English Culture Class Collection (University of Pennsylvania)</marc:subfield>
			<marc:subfield code="5">PU</marc:subfield>
		</marc:datafield>
		<marc:datafield ind1=" " ind2=" " tag="752">
			<marc:subfield code="a">England</marc:subfield>
			<marc:subfield code="d">London.</marc:subfield>
		</marc:datafield>
		<marc:datafield ind1=" " ind2=" " tag="989">
			<marc:subfield code="2">Consolidator</marc:subfield>
			<marc:subfield code="2">Memoir</marc:subfield>
			<marc:subfield code="3">Sundry</marc:subfield>
			<marc:subfield code="2">Transaction</marc:subfield>
			<marc:subfield code="2">World</marc:subfield>
			<marc:subfield code="2">Moon</marc:subfield>
			<marc:subfield code="4">Moon</marc:subfield>
			<marc:subfield code="3">Translated</marc:subfield>
			<marc:subfield code="6">Translate</marc:subfield>
			<marc:subfield code="3">Lunar</marc:subfield>
			<marc:subfield code="2">Language</marc:subfield>
			<marc:subfield code="2">Author</marc:subfield>
			<marc:subfield code="1">The true-born English man</marc:subfield>
		</marc:datafield>
		<marc:datafield ind1=" " ind2=" " tag="998">
			<marc:subfield code="s">9120</marc:subfield>
		</marc:datafield>
		<marc:datafield ind1=" " ind2=" " tag="999">
			<marc:subfield code="a">GE</marc:subfield>
			<marc:subfield code="b">7/14/15</marc:subfield>
			<marc:subfield code="c">Swarthmore College</marc:subfield>
			<marc:subfield code="d">YDS</marc:subfield>
		</marc:datafield>
	</marc:record>