
	<marc:record>
		<marc:leader>02106cam a2200385 a 4500</marc:leader>
		<marc:controlfield tag="001">259960</marc:controlfield>
		<marc:controlfield tag="005">20141121135641.0</marc:controlfield>
		<marc:controlfield tag="008">840724s1724    enk           00000deng d</marc:controlfield>
		<marc:datafield ind1=" " ind2=" " tag="035">
			<marc:subfield code="a">(OCoLC)ocm43395725</marc:subfield>
		</marc:datafield>
		<marc:datafield ind1=" " ind2=" " tag="035">
			<marc:subfield code="a">(OCoLC)43395725</marc:subfield>
		</marc:datafield>
		<marc:datafield ind1=" " ind2=" " tag="035">
			<marc:subfield code="a">(CStRLIN)PAUG84-B27852</marc:subfield>
		</marc:datafield>
		<marc:datafield ind1=" " ind2=" " tag="035">
			<marc:subfield code="a">(CaOTULAS)105212535</marc:subfield>
		</marc:datafield>
		<marc:datafield ind1=" " ind2=" " tag="035">
			<marc:subfield code="9">ABK8787</marc:subfield>
		</marc:datafield>
		<marc:datafield ind1=" " ind2=" " tag="035">
			<marc:subfield code="a">259960</marc:subfield>
		</marc:datafield>
		<marc:datafield ind1=" " ind2=" " tag="040">
			<marc:subfield code="a">PU</marc:subfield>
			<marc:subfield code="c">PU</marc:subfield>
		</marc:datafield>
		<marc:datafield ind1=" " ind2=" " tag="090">
			<marc:subfield code="a">BF1815.C2</marc:subfield>
			<marc:subfield code="b">H39 1724</marc:subfield>
			<marc:subfield code="i">09/12/84 CT</marc:subfield>
			<marc:subfield code="h">07/25/84 CT</marc:subfield>
		</marc:datafield>
		<marc:datafield ind1="1" ind2=" " tag="100">
			<marc:subfield code="a">Haywood, Eliza Fowler,</marc:subfield>
			<marc:subfield code="d">1693?-1756.</marc:subfield>
		</marc:datafield>
		<marc:datafield ind1="1" ind2="2" tag="245">
			<marc:subfield code="a">A spy upon the conjurer, or, A collection of surprising stories :</marc:subfield>
			<marc:subfield code="b">with names, places, and particular circumstances relating to Mr. Duncan Campbell, commonly known by the name of the Deaf and Dumb Man, and the astonishing penetration and event of his predictions /</marc:subfield>
			<marc:subfield code="c">written to my Lord -------- by a Lady, who for more than twenty years past, has made it her business to observe all transactions in the life and conversation of Mr. Campbell.</marc:subfield>
		</marc:datafield>
		<marc:datafield ind1=" " ind2=" " tag="246">
			<marc:subfield code="a">A spy upon the conjurer.</marc:subfield>
			<marc:subfield code="d">Letter-press</marc:subfield>
			<marc:subfield code="g">Half</marc:subfield>
			<marc:subfield code="x">Work</marc:subfield>
		</marc:datafield>
		<marc:datafield ind1=" " ind2=" " tag="246">
			<marc:subfield code="a">A spy upon the conjurer: or, a collection of surprising stories, with names, places, and particular circumstances relating to Mr. Duncan Campbell, commonly known by the name of the deaf and dumb man; and the astonishing penetration and event of his predictions. Written to my Lord - - - - - - - - by a Lady, who for more than twenty years past; has made it her business to observe all transactions in the life and conversation of Mr. Campbell.</marc:subfield>
			<marc:subfield code="d">Letter-press</marc:subfield>
			<marc:subfield code="g">Full</marc:subfield>
			<marc:subfield code="x">Work</marc:subfield>
		</marc:datafield>
		<marc:datafield ind1=" " ind2=" " tag="246">
			<marc:subfield code="a">All discover'd: or, a spy on the conjurer. Part II. Being a collection of letters found in Mr. Campbell's closet. By the lady who wrote the foregoing sheets.</marc:subfield>
			<marc:subfield code="d">Letter-press</marc:subfield>
			<marc:subfield code="g">Half</marc:subfield>
			<marc:subfield code="x">Section</marc:subfield>
		</marc:datafield>
		<marc:datafield ind1=" " ind2=" " tag="246">
			<marc:subfield code="a">All discover'd: or, a spy on the conjurer. Part III. Containing some letters from persons of Mr. Campbell's more particular acquaintance.</marc:subfield>
			<marc:subfield code="d">Letter-press</marc:subfield>
			<marc:subfield code="g">Half</marc:subfield>
			<marc:subfield code="x">Section</marc:subfield>
		</marc:datafield>
		<marc:datafield ind1="0" ind2="7" tag="246">
			<marc:subfield code="a">All discover'd: or, A spy on the conjurer.</marc:subfield>
		</marc:datafield>
		<marc:datafield ind1="0" ind2="7" tag="246">
			<marc:subfield code="a">All discover'd: or, (verso)</marc:subfield>
			<marc:subfield code="a">A spy on the conjurer. (recto)</marc:subfield>
		</marc:datafield>
		<marc:datafield ind1=" " ind2=" " tag="260">
			<marc:subfield code="a">London</marc:subfield>
			<marc:subfield code="b">Sold by Mr. Campbell at the Green-Hatch in Buckingham-Court, Whitehall; and at Burton's Coffee-House, Charing-Cross.</marc:subfield>
			<marc:subfield code="c">1724</marc:subfield>
		</marc:datafield>
		<marc:datafield ind1=" " ind2=" " tag="300">
			<marc:subfield code="a">[16], 160, [157]-259, [1] p. (last page blank) ;</marc:subfield>
			<marc:subfield code="c">20 cm. (8vo)</marc:subfield>
			<marc:subfield code="x">Octavo</marc:subfield>
		</marc:datafield>
		<marc:datafield ind1=" " ind2=" " tag="500">
			<marc:subfield code="a">Published anonymously.  Later editions say: "revised by Mrs. Eliza Haywood," to whom it is generally attributed.  Also attributed to Defoe.  Halkett &amp; Laing (2nd ed.) and DNB under Campbell and Haywood.</marc:subfield>
		</marc:datafield>
		<marc:datafield ind1=" " ind2=" " tag="500">
			<marc:subfield code="a">Pagination runs to 160, the following page is unnumbered, then page numbers restart at 158.</marc:subfield>
		</marc:datafield>
		<marc:datafield ind1=" " ind2=" " tag="500">
			<marc:subfield code="a">p. 166 mispaginated as 165.</marc:subfield>
		</marc:datafield>
		<marc:datafield ind1=" " ind2=" " tag="500">
			<marc:subfield code="a">Library markings on front paste-down endpaper, back free endpaper, and back paste-down endpaper.</marc:subfield>
		</marc:datafield>
		<marc:datafield ind1=" " ind2=" " tag="500">
			<marc:subfield code="a">Woodcut head- and tail-pieces.</marc:subfield>
		</marc:datafield>
		<marc:datafield ind1="4" ind2=" " tag="510">
			<marc:subfield code="a">ESTC (RLIN)</marc:subfield>
			<marc:subfield code="c">T75685</marc:subfield>
		</marc:datafield>
		<marc:datafield ind1="4" ind2=" " tag="510">
			<marc:subfield code="a">McBurney, W.H.  Engl. prose fiction,</marc:subfield>
			<marc:subfield code="c">161</marc:subfield>
		</marc:datafield>
		<marc:datafield ind1=" " ind2=" " tag="520">
			<marc:subfield code="a">Table of contents</marc:subfield>
			<marc:subfield code="b">The contents of the first part.</marc:subfield>
			<marc:subfield code="c">Front</marc:subfield>
			<marc:subfield code="x">First line: "The introduction    Page 1".</marc:subfield>
		</marc:datafield>
		<marc:datafield ind1=" " ind2=" " tag="520">
			<marc:subfield code="a">Table of contents</marc:subfield>
			<marc:subfield code="b">Part II. Being a collection of letters found in Mr. Campbell's closet, &amp;c.</marc:subfield>
			<marc:subfield code="c">Front</marc:subfield>
			<marc:subfield code="x">First line: "Letter I. From a lady, willing to be perswaded, the best action she cou'd do, was to cuckold her husband".</marc:subfield>
		</marc:datafield>
		<marc:datafield ind1=" " ind2=" " tag="520">
			<marc:subfield code="a">Table of contents</marc:subfield>
			<marc:subfield code="b">Part III.</marc:subfield>
			<marc:subfield code="c">Front</marc:subfield>
			<marc:subfield code="x">First line: "Letter I. From a merry gentleman, in the beginning of his acquaintance with Mr. Campbell".</marc:subfield>
		</marc:datafield>
		<marc:datafield ind1=" " ind2=" " tag="520">
			<marc:subfield code="a">Errata</marc:subfield>
			<marc:subfield code="b">Errata.</marc:subfield>
			<marc:subfield code="c">Front</marc:subfield>
			<marc:subfield code="x">First lines: "Page 7. Line 23. read Sutors".</marc:subfield>
		</marc:datafield>
		<marc:datafield ind1=" " ind2=" " tag="520">
			<marc:subfield code="a">Dedication</marc:subfield>
			<marc:subfield code="b">The introduction. To my lord -------</marc:subfield>
			<marc:subfield code="c">Front</marc:subfield>
			<marc:subfield code="x">First lines: "My lord, According to the promise I made you that agreeable evening we pass'd together last summer at Bellsize, I now give your Lordship my reasons for that good opinion which I then, and always shall profess to have of the abilities of that famous dumb man, whose name has made so great a noise in the world."</marc:subfield>
		</marc:datafield>
		<marc:datafield ind1=" " ind2=" " tag="520">
			<marc:subfield code="a">Note</marc:subfield>
			<marc:subfield code="b">A supplement to the first part.</marc:subfield>
			<marc:subfield code="c">Middle</marc:subfield>
			<marc:subfield code="x">First lines: "My lord, your approbation, and the pleasure you are so good to make me believe you took in the reading my little account of Mr. Campbell, has given me the courage to offer you a supplement, the former having been deficient in some things I think not unworthy to your Lordship's consideration, particularly as to his skill in nominating persons, who have made bold with more than what of right belongs to them."</marc:subfield>
			<marc:subfield code="x">Located after the first letter of part II, pp. 161-179.</marc:subfield>
		</marc:datafield>
		<marc:datafield ind1=" " ind2=" " tag="592">
			<marc:subfield code="a">First-person</marc:subfield>
			<marc:subfield code="a">Epistolary</marc:subfield>
			<marc:subfield code="c">Poems</marc:subfield>
			<marc:subfield code="x">Part I is a first-person narrative; parts II and III are epistolary.</marc:subfield>
			<marc:subfield code="x">Poems and verse quotations appear on pp. 13, 17, 19, 32, 35, and 132.</marc:subfield>
		</marc:datafield>
		<marc:datafield ind1=" " ind2=" " tag="594">
			<marc:subfield code="a">[Edwin Ford --- J. L. Philips]</marc:subfield>
			<marc:subfield code="b">Ink</marc:subfield>
			<marc:subfield code="x">Front paste-down endpaper</marc:subfield>
			<marc:subfield code="x">Faded; apparent water damage.</marc:subfield>
		</marc:datafield>
		<marc:datafield ind1=" " ind2=" " tag="595">
			<marc:subfield code="a">Ink</marc:subfield>
			<marc:subfield code="b">Words</marc:subfield>
			<marc:subfield code="x">On title page. An "x" is written above the word "Lady" in the authorship claim, and seems to correspond to the words "x Eliza Haywood" written below the claim, which indicates that Eliza Haywood is the book's author.</marc:subfield>
		</marc:datafield>
		<marc:datafield ind1=" " ind2=" " tag="595">
			<marc:subfield code="a">Ink</marc:subfield>
			<marc:subfield code="b">Numbers</marc:subfield>
			<marc:subfield code="x">On front paste-down endpaper (partly covered by library bookplate), recto front free endpaper, and back paste-down endpaper. Visible markings appear to read "H 57" and "A [o.] g. 1153".</marc:subfield>
		</marc:datafield>
		<marc:datafield ind1=" " ind2=" " tag="595">
			<marc:subfield code="a">Pencil</marc:subfield>
			<marc:subfield code="b">Numbers</marc:subfield>
			<marc:subfield code="b">Words</marc:subfield>
			<marc:subfield code="x">On front paste-down endpaper (partly covered by library bookplate), back free endpaper, and back paste-down endpaper. Legible markings include "By [] Eliza Haywood 1st [Edition]", "L [Cool]", and "39 C[urious]".</marc:subfield>
		</marc:datafield>
		<marc:datafield ind1=" " ind2=" " tag="595">
			<marc:subfield code="a">Ink</marc:subfield>
			<marc:subfield code="a">Pencil</marc:subfield>
			<marc:subfield code="b">Editorial markings</marc:subfield>
			<marc:subfield code="x">"Sifters" crossed out in both pencil and ink and replaced with "Suitors" in ink (p. 7).</marc:subfield>
		</marc:datafield>
		<marc:datafield ind1=" " ind2=" " tag="595">
			<marc:subfield code="a">Ink</marc:subfield>
			<marc:subfield code="b">Reader markings</marc:subfield>
			<marc:subfield code="x">Markings that appear to be manicules in the margins (pp. 46, 123).</marc:subfield>
		</marc:datafield>
		<marc:datafield ind1=" " ind2=" " tag="599">
			<marc:subfield code="a">Author (text)</marc:subfield>
			<marc:subfield code="b">Generic/Descriptive</marc:subfield>
			<marc:subfield code="2">by a Lady, who for more than twenty years past; has made it her business to observe all transactions in the life and conversation of Mr. Campbell.</marc:subfield>
			<marc:subfield code="3">Title page</marc:subfield>
			<marc:subfield code="5">Female</marc:subfield>
			<marc:subfield code="6">Female</marc:subfield>
		</marc:datafield>
		<marc:datafield ind1=" " ind2=" " tag="599">
			<marc:subfield code="a">Author (text)</marc:subfield>
			<marc:subfield code="b">Generic/Descriptive</marc:subfield>
			<marc:subfield code="2">By the lady who wrote the foregoing sheets.</marc:subfield>
			<marc:subfield code="3">Title page</marc:subfield>
			<marc:subfield code="5">Female</marc:subfield>
			<marc:subfield code="6">Female</marc:subfield>
		</marc:datafield>
		<marc:datafield ind1=" " ind2=" " tag="599">
			<marc:subfield code="a">Author (text)</marc:subfield>
			<marc:subfield code="b">Generic/Descriptive</marc:subfield>
			<marc:subfield code="2">According to the promise I made you that agreeable evening we pass'd together last summer at Bellsize, I now give your Lordship my reasons for that good opinion which I then, and always shall profess to have of the abilities of that famous dumb man</marc:subfield>
			<marc:subfield code="3">Dedication</marc:subfield>
			<marc:subfield code="5">Indeterminate</marc:subfield>
			<marc:subfield code="6">Female</marc:subfield>
		</marc:datafield>
		<marc:datafield ind1=" " ind2=" " tag="599">
			<marc:subfield code="a">Author (paratext)</marc:subfield>
			<marc:subfield code="b">Generic/Descriptive</marc:subfield>
			<marc:subfield code="2">According to the promise I made you that agreeable evening we pass'd together last summer at Bellsize, I now give your Lordship my reasons for that good opinion which I then, and always shall profess to have of the abilities of that famous dumb man</marc:subfield>
			<marc:subfield code="3">Dedication</marc:subfield>
			<marc:subfield code="5">Indeterminate</marc:subfield>
			<marc:subfield code="6">Female</marc:subfield>
		</marc:datafield>
		<marc:datafield ind1="1" ind2="0" tag="600">
			<marc:subfield code="a">Campbell, Duncan,</marc:subfield>
			<marc:subfield code="d">1680?-1730.</marc:subfield>
		</marc:datafield>
		<marc:datafield ind1=" " ind2="0" tag="650">
			<marc:subfield code="a">Fortune-tellers</marc:subfield>
			<marc:subfield code="z">Great Britain</marc:subfield>
			<marc:subfield code="x">Biography.</marc:subfield>
		</marc:datafield>
		<marc:datafield ind1=" " ind2="4" tag="650">
			<marc:subfield code="a">CHR 1724</marc:subfield>
		</marc:datafield>
		<marc:datafield ind1=" " ind2="4" tag="650">
			<marc:subfield code="a">PRO Ford, Edwin (ex libris)</marc:subfield>
		</marc:datafield>
		<marc:datafield ind1=" " ind2="4" tag="650">
			<marc:subfield code="a">PRO Philips, J. L. (ex libris)</marc:subfield>
		</marc:datafield>
		<marc:datafield ind1=" " ind2="0" tag="700">
			<marc:subfield code="a">Haywood, Eliza Fowler</marc:subfield>
			<marc:subfield code="d">1693?-1756</marc:subfield>
			<marc:subfield code="4">Author (text)</marc:subfield>
			<marc:subfield code="5">Authorized</marc:subfield>
		</marc:datafield>
		<marc:datafield ind1=" " ind2="0" tag="700">
			<marc:subfield code="a">Campbell, Duncan</marc:subfield>
			<marc:subfield code="d">1680?-1730</marc:subfield>
			<marc:subfield code="4">Sold by</marc:subfield>
			<marc:subfield code="5">Authorized</marc:subfield>
		</marc:datafield>
		<marc:datafield ind1=" " ind2=" " tag="700">
			<marc:subfield code="a">Defoe, Daniel</marc:subfield>
			<marc:subfield code="d">1661?-1731</marc:subfield>
			<marc:subfield code="4">Supposed author (text)</marc:subfield>
			<marc:subfield code="5">Authorized</marc:subfield>
		</marc:datafield>
		<marc:datafield ind1=" " ind2=" " tag="700">
			<marc:subfield code="a">[Edwin Ford]</marc:subfield>
			<marc:subfield code="4">Inscribed by</marc:subfield>
			<marc:subfield code="5">Unauthorized</marc:subfield>
		</marc:datafield>
		<marc:datafield ind1=" " ind2=" " tag="700">
			<marc:subfield code="a">[J. L. Philips]</marc:subfield>
			<marc:subfield code="4">Inscribed by</marc:subfield>
			<marc:subfield code="5">Unauthorized</marc:subfield>
		</marc:datafield>
		<marc:datafield ind1="2" ind2=" " tag="710">
			<marc:subfield code="a">Early Novels</marc:subfield>
			<marc:subfield code="4">University of Pennsylvania</marc:subfield>
		</marc:datafield>
		<marc:datafield ind1="0" ind2=" " tag="740">
			<marc:subfield code="a">All discover'd.</marc:subfield>
		</marc:datafield>
		<marc:datafield ind1="0" ind2=" " tag="740">
			<marc:subfield code="a">Collection of surprising stories.</marc:subfield>
		</marc:datafield>
		<marc:datafield ind1="2" ind2=" " tag="710">
			<marc:subfield code="a">Collection of British and American Fiction, 1660-1830 (University of Pennsylvania)</marc:subfield>
			<marc:subfield code="5">PU</marc:subfield>
		</marc:datafield>
		<marc:datafield ind1=" " ind2=" " tag="950">
			<marc:subfield code="l">RBC</marc:subfield>
			<marc:subfield code="e">\Singer-\Menden-\hall\</marc:subfield>
			<marc:subfield code="i">09/12/84 RL</marc:subfield>
			<marc:subfield code="h">07/25/84 C ?266:sl,sl\Ex libris\</marc:subfield>
		</marc:datafield>
		<marc:datafield ind1=" " ind2=" " tag="989">
			<marc:subfield code="2">Spy</marc:subfield>
			<marc:subfield code="2">Conjurer</marc:subfield>
			<marc:subfield code="2">Collection</marc:subfield>
			<marc:subfield code="3">Surprising</marc:subfield>
			<marc:subfield code="2">Story</marc:subfield>
			<marc:subfield code="2">Name</marc:subfield>
			<marc:subfield code="2">Place</marc:subfield>
			<marc:subfield code="3">Particular</marc:subfield>
			<marc:subfield code="2">Circumstance</marc:subfield>
			<marc:subfield code="6">Relate</marc:subfield>
			<marc:subfield code="5">Mr. Duncan Campbell</marc:subfield>
			<marc:subfield code="8">Commonly</marc:subfield>
			<marc:subfield code="6">Know</marc:subfield>
			<marc:subfield code="2">Name</marc:subfield>
			<marc:subfield code="3">Deaf</marc:subfield>
			<marc:subfield code="3">Dumb</marc:subfield>
			<marc:subfield code="2">Man</marc:subfield>
			<marc:subfield code="3">Astonishing</marc:subfield>
			<marc:subfield code="2">Penetration</marc:subfield>
			<marc:subfield code="2">Event</marc:subfield>
			<marc:subfield code="2">Prediction</marc:subfield>
			<marc:subfield code="6">Write</marc:subfield>
			<marc:subfield code="2">Lord</marc:subfield>
			<marc:subfield code="2">Lady</marc:subfield>
			<marc:subfield code="8">More</marc:subfield>
			<marc:subfield code="3">Twenty</marc:subfield>
			<marc:subfield code="2">Year</marc:subfield>
			<marc:subfield code="8">Past</marc:subfield>
			<marc:subfield code="6">Make</marc:subfield>
			<marc:subfield code="2">Business</marc:subfield>
			<marc:subfield code="6">Observe</marc:subfield>
			<marc:subfield code="3">All</marc:subfield>
			<marc:subfield code="2">Transaction</marc:subfield>
			<marc:subfield code="2">Life</marc:subfield>
			<marc:subfield code="2">Conversation</marc:subfield>
			<marc:subfield code="5">Mr. Campbell</marc:subfield>
			<marc:subfield code="2">All</marc:subfield>
			<marc:subfield code="3">Discover'd</marc:subfield>
			<marc:subfield code="3">Discovered</marc:subfield>
			<marc:subfield code="6">Discover</marc:subfield>
			<marc:subfield code="2">Part</marc:subfield>
			<marc:subfield code="2">Be</marc:subfield>
			<marc:subfield code="2">Collection</marc:subfield>
			<marc:subfield code="2">Letter</marc:subfield>
			<marc:subfield code="7">Letter</marc:subfield>
			<marc:subfield code="6">Find</marc:subfield>
			<marc:subfield code="2">Closet</marc:subfield>
			<marc:subfield code="3">Foregoing</marc:subfield>
			<marc:subfield code="2">Sheet</marc:subfield>
			<marc:subfield code="3">Containing</marc:subfield>
			<marc:subfield code="6">Contain</marc:subfield>
			<marc:subfield code="3">Some</marc:subfield>
			<marc:subfield code="2">Person</marc:subfield>
			<marc:subfield code="3">Particular</marc:subfield>
			<marc:subfield code="2">Acquaintance</marc:subfield>
		</marc:datafield>
		<marc:datafield ind1=" " ind2=" " tag="955">
			<marc:subfield code="l">RBC</marc:subfield>
			<marc:subfield code="c">1</marc:subfield>
			<marc:subfield code="q">52-2803</marc:subfield>
			<marc:subfield code="s">Ex libris: Ford, Edwin.</marc:subfield>
			<marc:subfield code="s">Ex libris: Philips, J. L.</marc:subfield>
			<marc:subfield code="h">07/25/84 C</marc:subfield>
		</marc:datafield>
		<marc:datafield ind1=" " ind2=" " tag="999">
			<marc:subfield code="a">YDS</marc:subfield>
			<marc:subfield code="b">7/23/15</marc:subfield>
			<marc:subfield code="c">Swarthmore College</marc:subfield>
			<marc:subfield code="d">IH</marc:subfield>
		</marc:datafield>
	</marc:record>