
	<marc:record>
		<marc:leader>02171cam a2200421   4500</marc:leader>
		<marc:controlfield tag="001">1201985</marc:controlfield>
		<marc:controlfield tag="005">20141205141231.0</marc:controlfield>
		<marc:controlfield tag="008">900810m17661769enk           00000 eng d</marc:controlfield>
		<marc:datafield ind1=" " ind2=" " tag="010">
			<marc:subfield code="a">   35036875 </marc:subfield>
		</marc:datafield>
		<marc:datafield ind1=" " ind2=" " tag="035">
			<marc:subfield code="a">(OCoLC)ocm07931127</marc:subfield>
		</marc:datafield>
		<marc:datafield ind1=" " ind2=" " tag="035">
			<marc:subfield code="a">(OCoLC)7931127</marc:subfield>
		</marc:datafield>
		<marc:datafield ind1=" " ind2=" " tag="035">
			<marc:subfield code="a">(CStRLIN)PAUG90-B41234</marc:subfield>
		</marc:datafield>
		<marc:datafield ind1=" " ind2=" " tag="035">
			<marc:subfield code="a">(CaOTULAS)204878666</marc:subfield>
		</marc:datafield>
		<marc:datafield ind1=" " ind2=" " tag="035">
			<marc:subfield code="9">AJB4336</marc:subfield>
		</marc:datafield>
		<marc:datafield ind1=" " ind2=" " tag="035">
			<marc:subfield code="a">1201985</marc:subfield>
		</marc:datafield>
		<marc:datafield ind1=" " ind2=" " tag="040">
			<marc:subfield code="a">PU</marc:subfield>
			<marc:subfield code="c">PU</marc:subfield>
		</marc:datafield>
		<marc:datafield ind1=" " ind2=" " tag="050">
			<marc:subfield code="a">PR3315.A45</marc:subfield>
			<marc:subfield code="b">M5 1766</marc:subfield>
		</marc:datafield>
		<marc:datafield ind1=" " ind2=" " tag="090">
			<marc:subfield code="a">PR3315.A45</marc:subfield>
			<marc:subfield code="b">M5 1766</marc:subfield>
			<marc:subfield code="i">08/10/90 CT</marc:subfield>
		</marc:datafield>
		<marc:datafield ind1="1" ind2=" " tag="100">
			<marc:subfield code="a">Amory, Thomas,</marc:subfield>
			<marc:subfield code="d">1691?-1788?</marc:subfield>
		</marc:datafield>
		<marc:datafield ind1="1" ind2="0" tag="245">
			<marc:subfield code="a">Memoirs :</marc:subfield>
			<marc:subfield code="b">containing the lives of several ladies of Great Britain : a history of antiquities, productions of nature, and monuments of art : observations on the Christian religion, as professed by the established church, and dissenters of every denomination : remarks on the writings of the greatest English divines ... : with a variety of disquisitions and opinions relative to criticism and manners : and many extraordinary actions.</marc:subfield>
		</marc:datafield>
		<marc:datafield ind1="1" ind2="0" tag="246">
			<marc:subfield code="a">Memoirs: containing the lives of several ladies of Great Britain. A history of antiquities, productions of nature, and monuments of art. Observations on the Christian religion, as professed by the established church, and dissenters of every denomination. Remarks on the writings of the greatest English divines : with a variety of disquisitions and opinions relative to criticism and manners; and many extraordinary actions. In two volumes. Vol. I.</marc:subfield>
			<marc:subfield code="d">Letter-press</marc:subfield>
			<marc:subfield code="g">Full</marc:subfield>
			<marc:subfield code="v">v.1</marc:subfield>
			<marc:subfield code="x">Volume</marc:subfield>
		</marc:datafield>
		<marc:datafield ind1="1" ind2="0" tag="246">
			<marc:subfield code="a">Memoirs: containing the lives of several ladies of Great Britain. A history of antiquities, productions of nature, and monuments of art. Observations on the Christian religion, as professed by the established church, and dissenters of every denomination. Remarks on the writings of the greatest English divines : with a variety of disquisitions and opinions relative to criticism and manners; and many extraordinary actions. Vol. II.</marc:subfield>
			<marc:subfield code="d">Letter-press</marc:subfield>
			<marc:subfield code="g">Full</marc:subfield>
			<marc:subfield code="v">v.2</marc:subfield>
			<marc:subfield code="x">Volume</marc:subfield>
		</marc:datafield>
		<marc:datafield ind1="1" ind2="0" tag="246">
			<marc:subfield code="a">The history of Mrs. Marinda Benlow. With notes. And some occasional remarks by the way. In two letters. To Hugolin Jewks, Esq;</marc:subfield>
			<marc:subfield code="d">Letter-press</marc:subfield>
			<marc:subfield code="g">Half</marc:subfield>
			<marc:subfield code="v">v.2</marc:subfield>
			<marc:subfield code="x">Section</marc:subfield>
		</marc:datafield>
		<marc:datafield ind1="0" ind2="7" tag="246">
			<marc:subfield code="a">Memoirs of ladies of Great Britain. </marc:subfield>
			<marc:subfield code="v">v.1</marc:subfield>
			<marc:subfield code="v">v.2</marc:subfield>
		</marc:datafield>
		<marc:datafield ind1="0" ind2="7" tag="246">
			<marc:subfield code="a">Memoirs of (verso)</marc:subfield>
			<marc:subfield code="a">ladies of Great Britain. (recto)</marc:subfield>
			<marc:subfield code="v">v.1</marc:subfield>
			<marc:subfield code="v">v.2</marc:subfield>
		</marc:datafield>
		<marc:datafield ind1=" " ind2=" " tag="260">
			<marc:subfield code="a">London</marc:subfield>
			<marc:subfield code="b">Printed for Johnson and Payne, in Pater-noster Row.</marc:subfield>
			<marc:subfield code="c">1766.</marc:subfield>
			<marc:subfield code="v">v.2</marc:subfield>
		</marc:datafield>
		<marc:datafield ind1=" " ind2=" " tag="260">
			<marc:subfield code="a">London :</marc:subfield>
			<marc:subfield code="b">Printed for Johnson and Payne, in Pater-noster Row.</marc:subfield>
			<marc:subfield code="c">1769.</marc:subfield>
			<marc:subfield code="v">v.1</marc:subfield>
		</marc:datafield>
		<marc:datafield ind1=" " ind2=" " tag="300">
			<marc:subfield code="a">2 v. ;</marc:subfield>
			<marc:subfield code="c">18 cm. (12mo)</marc:subfield>
			<marc:subfield code="x">Duodecimo</marc:subfield>
			<marc:subfield code="z">In two volumes.</marc:subfield>
		</marc:datafield>
		<marc:datafield ind1=" " ind2=" " tag="500">
			<marc:subfield code="a">"These memoirs are, in fact, neither more nor less than a Unitarian romance"--Retropective review, v. 6, p. 102.</marc:subfield>
		</marc:datafield>
		<marc:datafield ind1=" " ind2=" " tag="500">
			<marc:subfield code="a">Imprint of vol. 1: 1769; imprint of vol. 2: 1766.</marc:subfield>
		</marc:datafield>
		<marc:datafield ind1=" " ind2=" " tag="500">
			<marc:subfield code="a">Vol. 2, half-title: The history of Mrs. Marinda Barlow. With notes. And occasional remarks by the way. In two letters. To Hugolin Jenks, esq.</marc:subfield>
		</marc:datafield>
		<marc:datafield ind1=" " ind2=" " tag="500">
			<marc:subfield code="a">Publishers' advertisements: v.2, p. [1] at the end.</marc:subfield>
		</marc:datafield>
		<marc:datafield ind1=" " ind2=" " tag="500">
			<marc:subfield code="a">Library marginalia, v.1 and v.2: verso of full TP, recto of following page, back free and paste-down endpapers, last page of text.</marc:subfield>
		</marc:datafield>
		<marc:datafield ind1=" " ind2=" " tag="500">
			<marc:subfield code="a">v.1 is addressed to "Jewks" but not in the form of a letter. The entirety of the main text in v.2 is composed of a single letter, also addressed to Jewks, followed by a long postscript and a shorter postilla.</marc:subfield>
		</marc:datafield>
		<marc:datafield ind1=" " ind2=" " tag="500">
			<marc:subfield code="a">Footnotes: throughout the work, often long</marc:subfield>
		</marc:datafield>
		<marc:datafield ind1=" " ind2=" " tag="500">
			<marc:subfield code="a">Marbled binding</marc:subfield>
		</marc:datafield>
		<marc:datafield ind1=" " ind2=" " tag="500">
			<marc:subfield code="a">Full title page (v.2) is loose.</marc:subfield>
		</marc:datafield>
		<marc:datafield ind1="4" ind2=" " tag="510">
			<marc:subfield code="a">ESTC (RLIN)</marc:subfield>
			<marc:subfield code="c">T74408</marc:subfield>
		</marc:datafield>
		<marc:datafield ind1="4" ind2=" " tag="510">
			<marc:subfield code="a">Halkett &amp; Laing (2nd ed.)</marc:subfield>
			<marc:subfield code="c">v.4, p.48</marc:subfield>
		</marc:datafield>
		<marc:datafield ind1="4" ind2=" " tag="520">
			<marc:subfield code="a">Dedication</marc:subfield>
			<marc:subfield code="b">To Mrs. Monkhouse, of Paterdale, on the Banks  of the River Glenkroden, in Westmoreland.</marc:subfield>
			<marc:subfield code="c">Front</marc:subfield>
			<marc:subfield code="v">v.1</marc:subfield>
			<marc:subfield code="x">"Madam, of all the ladies I can think of, or have the least acquaintance with, you are the most proper one to whom I ought to inscribe the following memoirs; not only as you are the ablest and most impartial judge I know of such a performance, and that, so far as the best judgement can go, the thing may stand or fall upon your opinion of it..."</marc:subfield>
		</marc:datafield>
		<marc:datafield ind1="4" ind2=" " tag="520">
			<marc:subfield code="a">Advertisement</marc:subfield>
			<marc:subfield code="b">Advertisement.</marc:subfield>
			<marc:subfield code="c">Front</marc:subfield>
			<marc:subfield code="v">v.2</marc:subfield>
			<marc:subfield code="x">"The following work is called, Memoirs of several eminent Ladies of Great Britain, because the illustrious women therein mentioned are the choicest things in the collection, and every other account, with all the literary reflections, spring from their stories, and are recited occasionally, as they relate to particulars in their histories."</marc:subfield>
		</marc:datafield>
		<marc:datafield ind1="4" ind2=" " tag="520">
			<marc:subfield code="a">Table of contents</marc:subfield>
			<marc:subfield code="b">A table of the lives.</marc:subfield>
			<marc:subfield code="c">Front</marc:subfield>
			<marc:subfield code="v">v.2</marc:subfield>
			<marc:subfield code="x">I.-XX. listed, each labeled "The life of...".</marc:subfield>
		</marc:datafield>
		<marc:datafield ind1="4" ind2=" " tag="520">
			<marc:subfield code="a">Footnotes</marc:subfield>
			<marc:subfield code="c">Middle</marc:subfield>
			<marc:subfield code="v">v.1</marc:subfield>
			<marc:subfield code="v">v.2</marc:subfield>
		</marc:datafield>
		<marc:datafield ind1="4" ind2=" " tag="591">
			<marc:subfield code="a">The characters of the more considerable personages in moral history do not only demonstrate the possibility of attaining to all the perfections attainable to men; but powerfully upbraid our indolence, and so rouze our emulation...</marc:subfield>
			<marc:subfield code="2">Turnbull</marc:subfield>
			<marc:subfield code="b">An Essay on Liberal Education, &amp;c.</marc:subfield>
			<marc:subfield code="c">George Turnbull</marc:subfield>
			<marc:subfield code="v">v.2</marc:subfield>
			<marc:subfield code="x">On the half title page. Very long passage, not entirely transcribed here. An inexact/abbreviated quotation.</marc:subfield>
		</marc:datafield>
		<marc:datafield ind1="4" ind2=" " tag="591">
			<marc:subfield code="a">I am always for the builders who bring some addition to our knowledge, or at least some new thing to our thoughts. The finders of faults, the confuters and pullers down, do not only erect a barren and useless triumph upon human ignorance, but advance us nothing in the acquisition of truth.</marc:subfield>
			<marc:subfield code="2">Locke to Molyneaux</marc:subfield>
			<marc:subfield code="b">The works of John Locke</marc:subfield>
			<marc:subfield code="c">John Locke</marc:subfield>
			<marc:subfield code="v">v.2</marc:subfield>
			<marc:subfield code="x">On the half title page.</marc:subfield>
		</marc:datafield>
		<marc:datafield ind1=" " ind2="7" tag="592">
			<marc:subfield code="a">First-person</marc:subfield>
			<marc:subfield code="a">Epistolary</marc:subfield>
			<marc:subfield code="c">Theatrical dialogue</marc:subfield>
			<marc:subfield code="c">Poems</marc:subfield>
		</marc:datafield>
		<marc:datafield ind1=" " ind2="7" tag="595">
			<marc:subfield code="a">Pencil</marc:subfield>
			<marc:subfield code="b">Numbers</marc:subfield>
			<marc:subfield code="v">v.1</marc:subfield>
			<marc:subfield code="x">TP: "54 2"</marc:subfield>
		</marc:datafield>
		<marc:datafield ind1=" " ind2="7" tag="595">
			<marc:subfield code="a">Pencil</marc:subfield>
			<marc:subfield code="b">Numbers</marc:subfield>
			<marc:subfield code="v">v.2</marc:subfield>
			<marc:subfield code="x">TP: "55 2"</marc:subfield>
		</marc:datafield>
		<marc:datafield ind1=" " ind2="7" tag="599">
			<marc:subfield code="a">Author(text)</marc:subfield>
			<marc:subfield code="b">Generic/Descriptive</marc:subfield>
			<marc:subfield code="2">Every thing new and curious I noted down...</marc:subfield>
			<marc:subfield code="3">Dedication</marc:subfield>
			<marc:subfield code="5">Male</marc:subfield>
			<marc:subfield code="6">Male</marc:subfield>
		</marc:datafield>
		<marc:datafield ind1=" " ind2="7" tag="599">
			<marc:subfield code="a">Author(paratext)</marc:subfield>
			<marc:subfield code="b">Generic/Descriptive</marc:subfield>
			<marc:subfield code="2">Every thing new and curious I noted down...</marc:subfield>
			<marc:subfield code="3">Dedication</marc:subfield>
			<marc:subfield code="5">Male</marc:subfield>
			<marc:subfield code="6">Male</marc:subfield>
		</marc:datafield>
		<marc:datafield ind1=" " ind2="7" tag="655">
			<marc:subfield code="a">Publishers' advertisements</marc:subfield>
			<marc:subfield code="z">England</marc:subfield>
			<marc:subfield code="y">18th century.</marc:subfield>
			<marc:subfield code="2">rbgenr</marc:subfield>
		</marc:datafield>
		<marc:datafield ind1=" " ind2="7" tag="656">
			<marc:subfield code="a">Mixed genre</marc:subfield>
			<marc:subfield code="b">Back</marc:subfield>
			<marc:subfield code="c">Same publisher</marc:subfield>
			<marc:subfield code="v">v.2</marc:subfield>
		</marc:datafield>
		<marc:datafield ind1=" " ind2="4" tag="650">
			<marc:subfield code="a">CHR 1766-1769</marc:subfield>
		</marc:datafield>
		<marc:datafield ind1=" " ind2="4" tag="650">
			<marc:subfield code="a">PRO Singer, Jacob (donor)</marc:subfield>
		</marc:datafield>
		<marc:datafield ind1=" " ind2="4" tag="650">
			<marc:subfield code="a">PRO Singer, Godfrey F. (honoree)</marc:subfield>
		</marc:datafield>
		<marc:datafield ind1=" " ind2="4" tag="650">
			<marc:subfield code="a">PRO Singer, Leah (donor)</marc:subfield>
		</marc:datafield>
		<marc:datafield ind1="2" ind2=" " tag="700">
			<marc:subfield code="a">Johnson, Joseph</marc:subfield>
			<marc:subfield code="d">1738-1809</marc:subfield>
			<marc:subfield code="4">Printed for</marc:subfield>
			<marc:subfield code="5">Authorized</marc:subfield>
		</marc:datafield>
		<marc:datafield ind1="2" ind2=" " tag="700">
			<marc:subfield code="a">Payne, John</marc:subfield>
			<marc:subfield code="d">-1787</marc:subfield>
			<marc:subfield code="4">Printed for</marc:subfield>
			<marc:subfield code="5">Authorized</marc:subfield>
		</marc:datafield>
		<marc:datafield ind1="2" ind2=" " tag="710">
			<marc:subfield code="a">Johnson and Payne</marc:subfield>
			<marc:subfield code="4">Printed for</marc:subfield>
			<marc:subfield code="5">Authorized</marc:subfield>
		</marc:datafield>
		<marc:datafield ind1="2" ind2=" " tag="710">
			<marc:subfield code="a">Collection of British and American Fiction, 1660-1830 (University of Pennsylvania)</marc:subfield>
			<marc:subfield code="5">PU</marc:subfield>
		</marc:datafield>
		<marc:datafield ind1="2" ind2=" " tag="710">
			<marc:subfield code="a">Early Novels</marc:subfield>
			<marc:subfield code="5">University of Pennsylvania</marc:subfield>
		</marc:datafield>
		<marc:datafield ind1=" " ind2=" " tag="752">
			<marc:subfield code="a">England</marc:subfield>
			<marc:subfield code="d">London.</marc:subfield>
		</marc:datafield>
		<marc:datafield ind1=" " ind2=" " tag="950">
			<marc:subfield code="l">RBC</marc:subfield>
			<marc:subfield code="e">\\Singer-\Menden-\hall\</marc:subfield>
			<marc:subfield code="v">v.1-2</marc:subfield>
			<marc:subfield code="i">08/10/90 C</marc:subfield>
		</marc:datafield>
		<marc:datafield ind1=" " ind2=" " tag="955">
			<marc:subfield code="l">RBC</marc:subfield>
			<marc:subfield code="c">1:v.1</marc:subfield>
			<marc:subfield code="q">725945-725946</marc:subfield>
			<marc:subfield code="q">g. Mr. and Mrs. Jacob Singer</marc:subfield>
			<marc:subfield code="i">08/10/90 C</marc:subfield>
		</marc:datafield>
		<marc:datafield ind1=" " ind2=" " tag="955">
			<marc:subfield code="l">RBC</marc:subfield>
			<marc:subfield code="c">1:v.2</marc:subfield>
			<marc:subfield code="q">725945-725946</marc:subfield>
			<marc:subfield code="q">g. Mr. and Mrs. Jacob Singer</marc:subfield>
			<marc:subfield code="i">08/10/90 C</marc:subfield>
		</marc:datafield>
		<marc:datafield ind1=" " ind2=" " tag="989">
			<marc:subfield code="2">Memoir</marc:subfield>
			<marc:subfield code="6">Contain</marc:subfield>
			<marc:subfield code="2">Life</marc:subfield>
			<marc:subfield code="3">Several</marc:subfield>
			<marc:subfield code="2">Lady</marc:subfield>
			<marc:subfield code="4">Great Britain</marc:subfield>
			<marc:subfield code="2">History</marc:subfield>
			<marc:subfield code="2">Antiquity</marc:subfield>
			<marc:subfield code="2">Production</marc:subfield>
			<marc:subfield code="2">Nature</marc:subfield>
			<marc:subfield code="2">Monument</marc:subfield>
			<marc:subfield code="2">Art</marc:subfield>
			<marc:subfield code="2">Observation</marc:subfield>
			<marc:subfield code="3">Christian</marc:subfield>
			<marc:subfield code="2">Religion</marc:subfield>
			<marc:subfield code="6">Profess</marc:subfield>
			<marc:subfield code="3">Established</marc:subfield>
			<marc:subfield code="2">Church</marc:subfield>
			<marc:subfield code="2">Dissenter</marc:subfield>
			<marc:subfield code="3">Every</marc:subfield>
			<marc:subfield code="2">Denomination</marc:subfield>
			<marc:subfield code="2">Remark</marc:subfield>
			<marc:subfield code="2">Writing</marc:subfield>
			<marc:subfield code="3">Greatest</marc:subfield>
			<marc:subfield code="3">English</marc:subfield>
			<marc:subfield code="2">Divine</marc:subfield>
			<marc:subfield code="2">Variety</marc:subfield>
			<marc:subfield code="2">Disquistion</marc:subfield>
			<marc:subfield code="2">Opinion</marc:subfield>
			<marc:subfield code="3">Relative</marc:subfield>
			<marc:subfield code="2">Criticism</marc:subfield>
			<marc:subfield code="2">Manner</marc:subfield>
			<marc:subfield code="3">Many</marc:subfield>
			<marc:subfield code="3">Extraordinary</marc:subfield>
			<marc:subfield code="2">Action</marc:subfield>
			<marc:subfield code="3">Two</marc:subfield>
			<marc:subfield code="2">Volume</marc:subfield>
		</marc:datafield>
		<marc:datafield ind1=" " ind2=" " tag="999">
			<marc:subfield code="a">NB</marc:subfield>
			<marc:subfield code="b">7/7/15</marc:subfield>
			<marc:subfield code="c">Swarthmore College</marc:subfield>
			<marc:subfield code="d">IH</marc:subfield>
		</marc:datafield>
	</marc:record>