
	<marc:record>
		<marc:leader>02622cam a2200457 a 4500</marc:leader>
		<marc:controlfield tag="001">3450566</marc:controlfield>
		<marc:controlfield tag="005">20141218115700.0</marc:controlfield>
		<marc:controlfield tag="008">890515s1767    enk           000 1 eng d</marc:controlfield>
		<marc:datafield ind1=" " ind2=" " tag="026">
			<marc:subfield code="e">r.to 07he r-s. "f"b (3) 1767 (R) v.3</marc:subfield>
			<marc:subfield code="2">fei</marc:subfield>
		</marc:datafield>
		<marc:datafield ind1=" " ind2=" " tag="026">
			<marc:subfield code="e">R,N; 27Y- n.he onth (3) 1767 (R) v.4</marc:subfield>
			<marc:subfield code="2">fei</marc:subfield>
		</marc:datafield>
		<marc:datafield ind1=" " ind2=" " tag="035">
			<marc:subfield code="a">(OCoLC)ocm19705405</marc:subfield>
		</marc:datafield>
		<marc:datafield ind1=" " ind2=" " tag="035">
			<marc:subfield code="a">(OCoLC)19705405</marc:subfield>
		</marc:datafield>
		<marc:datafield ind1=" " ind2=" " tag="035">
			<marc:subfield code="a">3450566</marc:subfield>
		</marc:datafield>
		<marc:datafield ind1=" " ind2=" " tag="040">
			<marc:subfield code="a">VWM</marc:subfield>
			<marc:subfield code="c">VWM</marc:subfield>
			<marc:subfield code="d">OCL</marc:subfield>
			<marc:subfield code="d">OCLCQ</marc:subfield>
			<marc:subfield code="d">PU</marc:subfield>
		</marc:datafield>
		<marc:datafield ind1="1" ind2=" " tag="100">
			<marc:subfield code="a">Johnstone, Charles,</marc:subfield>
			<marc:subfield code="d">1719?-1800?</marc:subfield>
		</marc:datafield>
		<marc:datafield ind1="1" ind2="0" tag="245">
			<marc:subfield code="a">Chrysal, or, The adventures of a guinea :</marc:subfield>
			<marc:subfield code="b">wherein are exhibited views of several striking scenes, with curious and interesting anecdotes, of the most noted persons in every rank of life, whose hands it passed through, in America, England, Holland, Germany, and Portugal ...  /</marc:subfield>
			<marc:subfield code="c">by an adept.</marc:subfield>
		</marc:datafield>
		<marc:datafield ind1="3" ind2="0" tag="246">
			<marc:subfield code="a">Chrysal: or, the adventures of a guinea. Wherein are exhibited views of several striking scenes, with curious and interesting anecdotes of the most noted persons in every rank of life, whose hands it passed through, in America, England, Holland, Germany, and Portugal. By an adept. The second edition. Vol. III.</marc:subfield>
			<marc:subfield code="d">Letter-press</marc:subfield>
			<marc:subfield code="g">Full</marc:subfield>
			<marc:subfield code="x">Volume</marc:subfield>
			<marc:subfield code="v">Vol. 3</marc:subfield>
		</marc:datafield>
		<marc:datafield ind1="3" ind2="0" tag="246">
			<marc:subfield code="a">Chrysal: or, the adventures of a guinea. Wherein are exhibited views of several striking scenes, with curious and interesting anecdotes, of the most noted persons in every rank of life, whose hands it passed through, in America, England, Holland, Germany, and Portugal. By an adept. The second edition. Vol. IV.</marc:subfield>
			<marc:subfield code="d">Letter-press</marc:subfield>
			<marc:subfield code="g">Full</marc:subfield>
			<marc:subfield code="x">Volume</marc:subfield>
			<marc:subfield code="v">Vol. 4</marc:subfield>
		</marc:datafield>
		<marc:datafield ind1="0" ind2="7" tag="246">
			<marc:subfield code="a">Chrysal: Or, the adventures of a guinea.</marc:subfield>
		</marc:datafield>
		<marc:datafield ind1="0" ind2="7" tag="246">
			<marc:subfield code="a">Chrysal: Or, the (verso)</marc:subfield>
			<marc:subfield code="a">adventures of a guinea (recto)</marc:subfield>
		</marc:datafield>
		<marc:datafield ind1=" " ind2=" " tag="250">
			<marc:subfield code="a">"The second edition."</marc:subfield>
			<marc:subfield code="b">Second edition</marc:subfield>
			<marc:subfield code="v">Vol. 3, 4</marc:subfield>
		</marc:datafield>
		<marc:datafield ind1=" " ind2=" " tag="260">
			<marc:subfield code="a">London :</marc:subfield>
			<marc:subfield code="b">Printed for T. Becket and P.A. De Hondt, at Tully's-Head, near Surry-Street, in the Strand.</marc:subfield>
			<marc:subfield code="c">MDCCLXVII.</marc:subfield>
			<marc:subfield code="c">1767</marc:subfield>
		</marc:datafield>
		<marc:datafield ind1=" " ind2=" " tag="300">
			<marc:subfield code="a">2 v. ([20], 280, [20], 277 p.) ;</marc:subfield>
			<marc:subfield code="c">18 cm. (12mo)</marc:subfield>
		</marc:datafield>
		<marc:datafield ind1=" " ind2=" " tag="500">
			<marc:subfield code="a">An adept is Charles Johnstone.--Cf. ESTC.</marc:subfield>
		</marc:datafield>
		<marc:datafield ind1=" " ind2=" " tag="500">
			<marc:subfield code="a">Signatures: (v.3): [A]⁸, a² B-M¹², N⁶, O². (v.4): [A]⁴, a⁶, B-M¹², N⁶⁺¹.</marc:subfield>
		</marc:datafield>
		<marc:datafield ind1=" " ind2=" " tag="500">
			<marc:subfield code="a">A thinly-veiled chronicle of contemporary scandals in political high life, ca. 1757-1763. Touches the Sackville affair, Byng's execution, half-price riots at Drury Lane, the Essay on woman, the Hellfire Club, etc. V.1-2 issued in 1760; those 2 vols. were expanded in 2d &amp; 3d editions; v.3-4 continued the enlargement and were intended to accompany 4th &amp; later eds. of v.1-2.</marc:subfield>
		</marc:datafield>
		<marc:datafield ind1=" " ind2=" " tag="500">
			<marc:subfield code="a">Virulently anti-Semitic.</marc:subfield>
		</marc:datafield>
		<marc:datafield ind1=" " ind2=" " tag="500">
			<marc:subfield code="a">University of Pennsylvania rare book collection bookplate bookplate on front board of volume three.</marc:subfield>
		</marc:datafield>
		<marc:datafield ind1=" " ind2=" " tag="500">
			<marc:subfield code="a">Bookplate inscribed to Thomas Sanderson on front board. Has an illustrated coat of arms with the phrase "paratus et fidelis" and a dog on it. On both volumes.</marc:subfield>
		</marc:datafield>
		<marc:datafield ind1=" " ind2=" " tag="500">
			<marc:subfield code="a">Ink residue from an excised book plate visible on one of each volume's front leaves. Contains an illustrated coat of arms with a dog and stars and the name "Younger."</marc:subfield>
		</marc:datafield>
		<marc:datafield ind1=" " ind2=" " tag="500">
			<marc:subfield code="a">First leaf of volume 3 is loose.</marc:subfield>
		</marc:datafield>
		<marc:datafield ind1="4" ind2=" " tag="510">
			<marc:subfield code="a">ESTC,</marc:subfield>
			<marc:subfield code="c">T140679</marc:subfield>
		</marc:datafield>
		<marc:datafield ind1="4" ind2=" " tag="510">
			<marc:subfield code="a">Raven, J. British fiction, 1750-1770,</marc:subfield>
			<marc:subfield code="c">1109</marc:subfield>
		</marc:datafield>
		<marc:datafield ind1="4" ind2=" " tag="510">
			<marc:subfield code="a">Halkett &amp; Laing (2nd ed.),</marc:subfield>
			<marc:subfield code="c">I,348</marc:subfield>
		</marc:datafield>
		<marc:datafield ind1=" " ind2=" " tag="520">
			<marc:subfield code="a">Advertisement</marc:subfield>
			<marc:subfield code="b">"Advertisement."</marc:subfield>
			<marc:subfield code="c">Front</marc:subfield>
			<marc:subfield code="v">V.3</marc:subfield>
			<marc:subfield code="x">"The circumstances in which The Adventures of a guinea fell into the hands of the editor, as explained in the general preface, account for this, and the former additions to that work."</marc:subfield>
		</marc:datafield>
		<marc:datafield ind1=" " ind2=" " tag="520">
			<marc:subfield code="a">Table of contents</marc:subfield>
			<marc:subfield code="b">"Contents of the third volume."</marc:subfield>
			<marc:subfield code="c">Front</marc:subfield>
			<marc:subfield code="v">V.3</marc:subfield>
			<marc:subfield code="x">"Chap. I. Introduction. Chrysal enters into a new service. His master finds an ingenious excuse for returning home; but is unexpectedly stop'd short by the way. In the common course of business, Chrysal changes his service: character of the new master."</marc:subfield>
		</marc:datafield>
		<marc:datafield ind1=" " ind2=" " tag="520">
			<marc:subfield code="a">Table of contents</marc:subfield>
			<marc:subfield code="b">"Contents of the fourth volume."</marc:subfield>
			<marc:subfield code="c">Front</marc:subfield>
			<marc:subfield code="v">V.4</marc:subfield>
			<marc:subfield code="x">"Chap. I. Chrysal continues the account of the members."</marc:subfield>
		</marc:datafield>
		<marc:datafield ind1=" " ind2=" " tag="520">
			<marc:subfield code="a">Footnote</marc:subfield>
			<marc:subfield code="c">Middle</marc:subfield>
		</marc:datafield>
		<marc:datafield ind1=" " ind2=" " tag="590">
			<marc:subfield code="a">Culture Class Collection has armorial bookplate of Thomas Sanderson.</marc:subfield>
		</marc:datafield>
		<marc:datafield ind1=" " ind2=" " tag="591">
			<marc:subfield code="a">"-Hold the mirror up to nature,--to shew vice its own image, virtue his own likeness,--And the very age and body of the times--His form and pressure."</marc:subfield>
			<marc:subfield code="2">Shakespear.</marc:subfield>
			<marc:subfield code="b">Hamlet</marc:subfield>
			<marc:subfield code="c">William Shakespeare</marc:subfield>
		</marc:datafield>
		<marc:datafield ind1=" " ind2=" " tag="591">
			<marc:subfield code="a">"Qui capit, ille facit."</marc:subfield>
			<marc:subfield code="d">The one who takes it, the same makes it (i.e., if the shoe fits, let the cobbler wear it) [source: http://www.eudict.com</marc:subfield>
		</marc:datafield>
		<marc:datafield ind1=" " ind2=" " tag="592">
			<marc:subfield code="a">First-person</marc:subfield>
			<marc:subfield code="b">Third-person</marc:subfield>
		</marc:datafield>
		<marc:datafield ind1=" " ind2=" " tag="595">
			<marc:subfield code="a">Pencil</marc:subfield>
			<marc:subfield code="b">Numbers</marc:subfield>
			<marc:subfield code="x">Library notation</marc:subfield>
			<marc:subfield code="x">Back board</marc:subfield>
			<marc:subfield code="v">v. 3</marc:subfield>
			<marc:subfield code="v">v. 4</marc:subfield>
		</marc:datafield>
		<marc:datafield ind1=" " ind2=" " tag="599">
			<marc:subfield code="a">Author (text)</marc:subfield>
			<marc:subfield code="b">Generic/descriptive</marc:subfield>
			<marc:subfield code="2">"By an adept."</marc:subfield>
			<marc:subfield code="5">Indeterminate</marc:subfield>
			<marc:subfield code="6">Male</marc:subfield>
		</marc:datafield>
		<marc:datafield ind1=" " ind2=" " tag="599">
			<marc:subfield code="a">Author (paratext)</marc:subfield>
			<marc:subfield code="b">Generic/descriptive</marc:subfield>
			<marc:subfield code="2">"The circumstances in which the Adventures of a Guinea fell into the hands of the Editor."</marc:subfield>
			<marc:subfield code="3">Advertisement [v.3]</marc:subfield>
			<marc:subfield code="5">Indeterminate</marc:subfield>
			<marc:subfield code="6">Male</marc:subfield>
			<marc:subfield code="7">Claims this manuscript was found. This claim is ludicrous; advertisement most likely authored by Charles Johnstone.</marc:subfield>
		</marc:datafield>
		<marc:datafield ind1=" " ind2=" " tag="599">
			<marc:subfield code="a">Editor (text)</marc:subfield>
			<marc:subfield code="b">Generic/descriptive</marc:subfield>
			<marc:subfield code="2">"The circumstances in which the Adventures of a Guinea fell into the hands of the Editor."</marc:subfield>
			<marc:subfield code="3">Advertisement [v.3]</marc:subfield>
			<marc:subfield code="5">Indeterminate</marc:subfield>
			<marc:subfield code="6">Male</marc:subfield>
			<marc:subfield code="7">Claims this manuscript was found. This claim is ludicrous; advertisement most likely authored by Charles Johnstone.</marc:subfield>
		</marc:datafield>
		<marc:datafield ind1=" " ind2="0" tag="651">
			<marc:subfield code="a">Great Britain</marc:subfield>
			<marc:subfield code="x">Politics and government</marc:subfield>
			<marc:subfield code="y">18th century</marc:subfield>
			<marc:subfield code="v">Satire.</marc:subfield>
		</marc:datafield>
		<marc:datafield ind1=" " ind2="0" tag="651">
			<marc:subfield code="a">Great Britain</marc:subfield>
			<marc:subfield code="x">Social life and customs</marc:subfield>
			<marc:subfield code="y">18th century</marc:subfield>
			<marc:subfield code="v">Satire.</marc:subfield>
		</marc:datafield>
		<marc:datafield ind1="1" ind2="0" tag="600">
			<marc:subfield code="a">Wilkes, John,</marc:subfield>
			<marc:subfield code="d">1727-1797.</marc:subfield>
			<marc:subfield code="t">Essay on woman.</marc:subfield>
		</marc:datafield>
		<marc:datafield ind1="1" ind2="0" tag="600">
			<marc:subfield code="a">Sackville, George Germain,</marc:subfield>
			<marc:subfield code="c">Viscount,</marc:subfield>
			<marc:subfield code="d">1716-1785.</marc:subfield>
		</marc:datafield>
		<marc:datafield ind1="1" ind2="0" tag="600">
			<marc:subfield code="a">Byng, John,</marc:subfield>
			<marc:subfield code="d">1704-1757.</marc:subfield>
		</marc:datafield>
		<marc:datafield ind1="2" ind2="0" tag="610">
			<marc:subfield code="a">Hellfire Club (founded ca. 1745)</marc:subfield>
		</marc:datafield>
		<marc:datafield ind1="2" ind2="0" tag="610">
			<marc:subfield code="a">Drury Lane Theatre.</marc:subfield>
		</marc:datafield>
		<marc:datafield ind1=" " ind2="4" tag="650">
			<marc:subfield code="a">CHR 1767</marc:subfield>
		</marc:datafield>
		<marc:datafield ind1=" " ind2="4" tag="650">
			<marc:subfield code="a">PRO Sanderson, Thomas (bookplate) (Culture Class Collection copy)</marc:subfield>
		</marc:datafield>
		<marc:datafield ind1="2" ind2=" " tag="700">
			<marc:subfield code="a">Johnstone, Charles</marc:subfield>
			<marc:subfield code="d">1719?-1800?</marc:subfield>
			<marc:subfield code="4">Author (text)</marc:subfield>
			<marc:subfield code="5">Authorized</marc:subfield>
		</marc:datafield>
		<marc:datafield ind1="1" ind2=" " tag="700">
			<marc:subfield code="a">Becket, Thomas</marc:subfield>
			<marc:subfield code="d">fl. 1760-1798</marc:subfield>
			<marc:subfield code="4">Printed for</marc:subfield>
			<marc:subfield code="5">Authorized</marc:subfield>
		</marc:datafield>
		<marc:datafield ind1="1" ind2=" " tag="700">
			<marc:subfield code="a">De Hondt, P. A.</marc:subfield>
			<marc:subfield code="q">(Peter Abraham)</marc:subfield>
			<marc:subfield code="4">Printed for</marc:subfield>
			<marc:subfield code="5">Authorized</marc:subfield>
		</marc:datafield>
		<marc:datafield ind1="1" ind2=" " tag="700">
			<marc:subfield code="a">Shakespeare, William</marc:subfield>
			<marc:subfield code="d">1582–1616</marc:subfield>
			<marc:subfield code="4">Author (epigraph)</marc:subfield>
			<marc:subfield code="5">Authorized</marc:subfield>
		</marc:datafield>
		<marc:datafield ind1="1" ind2=" " tag="700">
			<marc:subfield code="a">Sanderson, Thomas</marc:subfield>
			<marc:subfield code="4">Inscribed by</marc:subfield>
			<marc:subfield code="5">Unauthorized</marc:subfield>
		</marc:datafield>
		<marc:datafield ind1="2" ind2=" " tag="710">
			<marc:subfield code="a">Collection of British and American Fiction, 1660-1830 (University of Pennsylvania)</marc:subfield>
			<marc:subfield code="5">PU</marc:subfield>
		</marc:datafield>
		<marc:datafield ind1="2" ind2=" " tag="710">
			<marc:subfield code="a">Culture Class Collection (University of Pennsylvania)</marc:subfield>
			<marc:subfield code="5">PU</marc:subfield>
		</marc:datafield>
		<marc:datafield ind1="2" ind2=" " tag="710">
			<marc:subfield code="a">English Culture Class Collection (University of Pennsylvania)</marc:subfield>
			<marc:subfield code="5">PU</marc:subfield>
		</marc:datafield>
		<marc:datafield ind1="2" ind2=" " tag="710">
			<marc:subfield code="a">Early Novels</marc:subfield>
			<marc:subfield code="5">University of Pennsylvania</marc:subfield>
		</marc:datafield>
		<marc:datafield ind1=" " ind2=" " tag="752">
			<marc:subfield code="a">England</marc:subfield>
			<marc:subfield code="d">London.</marc:subfield>
		</marc:datafield>
		<marc:datafield ind1="2" ind2=" " tag="989">
			<marc:subfield code="2">adventure</marc:subfield>
			<marc:subfield code="2">guinea</marc:subfield>
			<marc:subfield code="2">view</marc:subfield>
			<marc:subfield code="2">scene</marc:subfield>
			<marc:subfield code="2">anecdote</marc:subfield>
			<marc:subfield code="2">person</marc:subfield>
			<marc:subfield code="2">rank</marc:subfield>
			<marc:subfield code="2">life</marc:subfield>
			<marc:subfield code="2">hand</marc:subfield>
			<marc:subfield code="2">adept</marc:subfield>
			<marc:subfield code="2">edition</marc:subfield>
			<marc:subfield code="2">volume</marc:subfield>
			<marc:subfield code="3">several</marc:subfield>
			<marc:subfield code="3">striking</marc:subfield>
			<marc:subfield code="3">curious</marc:subfield>
			<marc:subfield code="3">interesting</marc:subfield>
			<marc:subfield code="3">noted</marc:subfield>
			<marc:subfield code="3">every</marc:subfield>
			<marc:subfield code="3">adventure</marc:subfield>
			<marc:subfield code="3">fifth</marc:subfield>
			<marc:subfield code="3">four</marc:subfield>
			<marc:subfield code="4">America</marc:subfield>
			<marc:subfield code="4">England</marc:subfield>
			<marc:subfield code="4">Holland</marc:subfield>
			<marc:subfield code="4">Germany</marc:subfield>
			<marc:subfield code="4">Portugal</marc:subfield>
			<marc:subfield code="5">Chrysal</marc:subfield>
			<marc:subfield code="6">exhibit</marc:subfield>
			<marc:subfield code="6">pass</marc:subfield>
			<marc:subfield code="6">inlarge</marc:subfield>
			<marc:subfield code="6">correct</marc:subfield>
			<marc:subfield code="7">guinea</marc:subfield>
			<marc:subfield code="8">greatly</marc:subfield>
		</marc:datafield>
		<marc:datafield ind1=" " ind2=" " tag="994">
			<marc:subfield code="a">E0</marc:subfield>
			<marc:subfield code="b">PAU</marc:subfield>
		</marc:datafield>
		<marc:datafield ind1="2" ind2=" " tag="999">
			<marc:subfield code="a">GE</marc:subfield>
			<marc:subfield code="b">6/12/15</marc:subfield>
			<marc:subfield code="c">Swarthmore College</marc:subfield>
			<marc:subfield code="d">IH</marc:subfield>
		</marc:datafield>
	</marc:record>