
	<marc:record>
		<marc:leader>04782cam a2200769 i 4500</marc:leader>
		<marc:controlfield tag="001">462558-1</marc:controlfield>
		<marc:controlfield tag="005">20141125131427.0</marc:controlfield>
		<marc:controlfield tag="008">800722s1766    enk           000 1 eng d</marc:controlfield>
		<marc:datafield ind1=" " ind2=" " tag="026">
			<marc:subfield code="e">a-nd erof vebe 'e'f (3) 1766 (R) v.1</marc:subfield>
			<marc:subfield code="2">fei</marc:subfield>
		</marc:datafield>
		<marc:datafield ind1=" " ind2=" " tag="026">
			<marc:subfield code="e">ince 70to isr, 'f'n (3) 1766 (R) v.2</marc:subfield>
			<marc:subfield code="2">fei</marc:subfield>
		</marc:datafield>
		<marc:datafield ind1=" " ind2=" " tag="026">
			<marc:subfield code="e">r.to o-he r-s. "f"b (3) 1765 (R) v.3</marc:subfield>
			<marc:subfield code="2">fei</marc:subfield>
		</marc:datafield>
		<marc:datafield ind1=" " ind2=" " tag="026">
			<marc:subfield code="e">R,N; 27Y- n.he onth (3) 1765 (R) v.4</marc:subfield>
			<marc:subfield code="2">fei</marc:subfield>
		</marc:datafield>
		<marc:datafield ind1=" " ind2=" " tag="035">
			<marc:subfield code="a">(OCoLC)ocm63604337</marc:subfield>
		</marc:datafield>
		<marc:datafield ind1=" " ind2=" " tag="035">
			<marc:subfield code="a">(OCoLC)63604337</marc:subfield>
		</marc:datafield>
		<marc:datafield ind1=" " ind2=" " tag="035">
			<marc:subfield code="a">(CStRLIN)PAUG17218497-B</marc:subfield>
		</marc:datafield>
		<marc:datafield ind1=" " ind2=" " tag="035">
			<marc:subfield code="a">(CaOTULAS)107678394</marc:subfield>
		</marc:datafield>
		<marc:datafield ind1=" " ind2=" " tag="035">
			<marc:subfield code="9">ACH5368</marc:subfield>
		</marc:datafield>
		<marc:datafield ind1=" " ind2=" " tag="035">
			<marc:subfield code="a">462558</marc:subfield>
		</marc:datafield>
		<marc:datafield ind1=" " ind2=" " tag="040">
			<marc:subfield code="a">PU</marc:subfield>
			<marc:subfield code="c">PU</marc:subfield>
			<marc:subfield code="d">PAU</marc:subfield>
			<marc:subfield code="e">dcrmb</marc:subfield>
		</marc:datafield>
		<marc:datafield ind1=" " ind2="4" tag="050">
			<marc:subfield code="a">PR3539.J25</marc:subfield>
			<marc:subfield code="b">C5 1766</marc:subfield>
		</marc:datafield>
		<marc:datafield ind1="1" ind2=" " tag="100">
			<marc:subfield code="a">Johnstone, Charles,</marc:subfield>
			<marc:subfield code="d">1719?-1800?</marc:subfield>
		</marc:datafield>
		<marc:datafield ind1="1" ind2="0" tag="245">
			<marc:subfield code="a">Chrysal, or, The adventures of a guinea :</marc:subfield>
			<marc:subfield code="b">wherein are exhibited views of several striking scenes, with curious and interesting anecdotes, of the most noted persons in every rank of life, whose hands it passed through, in America, England, Holland, Germany, and Portugal ...  /</marc:subfield>
			<marc:subfield code="c">by an adept.</marc:subfield>
		</marc:datafield>
		<marc:datafield ind1="3" ind2="0" tag="246">
			<marc:subfield code="a">Chrysal: or, the adventures of a guinea. Wherein are exhibited views of several striking scenes, with curious and interesting anecdotes, of the most noted persons in every rank of life, whose hands it passed through, in America, England, Holland, Germany, and Portugal. By an adept. The fifth edition, greatly inlarged and corrected. Vol. I.</marc:subfield>
			<marc:subfield code="d">Letter-press</marc:subfield>
			<marc:subfield code="g">Full</marc:subfield>
			<marc:subfield code="x">Volume</marc:subfield>
			<marc:subfield code="v">Vol. 1</marc:subfield>
		</marc:datafield>
		<marc:datafield ind1="3" ind2="0" tag="246">
			<marc:subfield code="a">Chrysal: or, the adventures of a guinea. Wherein are exhibited views of several striking scenes, with curious and interesting anecdotes, of the most noted persons in every rank of life, whose hands it passed through, in America, England, Holland, Germany, and Portugal. By an adept. The fifth edition, greatly inlarged and corrected. Vol. II.</marc:subfield>
			<marc:subfield code="d">Letter-press</marc:subfield>
			<marc:subfield code="g">Full</marc:subfield>
			<marc:subfield code="x">Volume</marc:subfield>
			<marc:subfield code="v">Vol. 2</marc:subfield>
		</marc:datafield>
		<marc:datafield ind1="0" ind2="7" tag="246">
			<marc:subfield code="a">Chrysal: Or, the adventures of a guinea.</marc:subfield>
		</marc:datafield>
		<marc:datafield ind1="0" ind2="7" tag="246">
			<marc:subfield code="a">Chrysal: Or, the (verso)</marc:subfield>
			<marc:subfield code="a">adventures of a guinea (recto)</marc:subfield>
		</marc:datafield>
		<marc:datafield ind1=" " ind2=" " tag="250">
			<marc:subfield code="a">"The fifth edition"</marc:subfield>
			<marc:subfield code="b">Fifth edition</marc:subfield>
			<marc:subfield code="x">"...greatly inlarged and corrected."</marc:subfield>
		</marc:datafield>
		<marc:datafield ind1=" " ind2=" " tag="260">
			<marc:subfield code="a">London :</marc:subfield>
			<marc:subfield code="b">Printed for T. Becket and P.A. De Hondt, at Tully's-Head, near Surry-Street, in the Strand.</marc:subfield>
			<marc:subfield code="c">MDCCLXVI.</marc:subfield>
			<marc:subfield code="c">1766</marc:subfield>
		</marc:datafield>
		<marc:datafield ind1=" " ind2=" " tag="300">
			<marc:subfield code="a">4 v. ;</marc:subfield>
			<marc:subfield code="c">18 cm. (12mo)</marc:subfield>
			<marc:subfield code="x">Duodecimo</marc:subfield>
		</marc:datafield>
		<marc:datafield ind1=" " ind2=" " tag="500">
			<marc:subfield code="a">"[A]n adept" is Charles Johnstone. Cf. ESTC.</marc:subfield>
		</marc:datafield>
		<marc:datafield ind1=" " ind2=" " tag="500">
			<marc:subfield code="a">A thinly-veiled chronicle of contemporary scandals in political high life, ca. 1757-1763. Touches the Sackville affair, Byng's execution, half-price riots at Drury Lane, the Essay on woman, the Hellfire Club, etc. V. 1-2 issued in 1760; those 2 vols. were expanded in 2d &amp; 3d editions; v. 3-4 continued the enlargement and were intended to accompany 4th &amp; later eds. of v. 1-2.</marc:subfield>
		</marc:datafield>
		<marc:datafield ind1=" " ind2=" " tag="500">
			<marc:subfield code="a">Signatures: v. 1: A¹² b⁶ B-M¹² ; v. 2: A⁶ B-N¹² O⁶</marc:subfield>
		</marc:datafield>
		<marc:datafield ind1=" " ind2=" " tag="500">
			<marc:subfield code="a">Pagination: v. 1: xxxv, [1], 264 p. ; v. 2: [12], 300 p.</marc:subfield>
		</marc:datafield>
		<marc:datafield ind1=" " ind2=" " tag="500">
			<marc:subfield code="a">Woodcut head-pieces and tail-piece.</marc:subfield>
		</marc:datafield>
		<marc:datafield ind1=" " ind2=" " tag="500">
			<marc:subfield code="a">Typographical ornaments.</marc:subfield>
		</marc:datafield>
		<marc:datafield ind1=" " ind2=" " tag="500">
			<marc:subfield code="a">Virulently anti-Semitic.</marc:subfield>
		</marc:datafield>
		<marc:datafield ind1=" " ind2=" " tag="500">
			<marc:subfield code="a">Bookplate inscribed to Thomas Sanderson on front board. Has an illustrated coat of arms with the phrase "paratus et fidelis" and a dog on it. On both volumes.</marc:subfield>
		</marc:datafield>
		<marc:datafield ind1=" " ind2=" " tag="500">
			<marc:subfield code="a">Ink residue from an excised book plate visible on one of each volume's front leaves. Contains an illustrated coat of arms with a dog and stars and the name "Younger."</marc:subfield>
		</marc:datafield>
		<marc:datafield ind1=" " ind2=" " tag="500">
			<marc:subfield code="a">Front leaf is loose in both volumes.</marc:subfield>
		</marc:datafield>
		<marc:datafield ind1=" " ind2=" " tag="500">
			<marc:subfield code="a">This copy lacks volumes 3-4.</marc:subfield>
		</marc:datafield>
		<marc:datafield ind1="4" ind2=" " tag="510">
			<marc:subfield code="a">ESTC,</marc:subfield>
			<marc:subfield code="c">T119101</marc:subfield>
		</marc:datafield>
		<marc:datafield ind1="4" ind2=" " tag="510">
			<marc:subfield code="a">ESTC,</marc:subfield>
			<marc:subfield code="c">T128716</marc:subfield>
		</marc:datafield>
		<marc:datafield ind1="4" ind2=" " tag="510">
			<marc:subfield code="a">Raven, J.  British fiction, 1750-1770,</marc:subfield>
			<marc:subfield code="c">1016</marc:subfield>
		</marc:datafield>
		<marc:datafield ind1="4" ind2=" " tag="510">
			<marc:subfield code="a">Halkett &amp; Laing (2nd ed.),</marc:subfield>
			<marc:subfield code="c">I, 348</marc:subfield>
		</marc:datafield>
		<marc:datafield ind1=" " ind2=" " tag="520">
			<marc:subfield code="a">Dedication</marc:subfield>
			<marc:subfield code="b">"To the right honourable William Pitt, Esq; &amp;c. &amp;c. &amp;c."</marc:subfield>
			<marc:subfield code="c">Front</marc:subfield>
			<marc:subfield code="v">v.1</marc:subfield>
			<marc:subfield code="x">"Sir, the publisher of these papers is sensible, that the time devoted to the care of nations is too valuable to be spared to the perusal of them, yet he should think himself guilty of a breach in the general gratitude, which, at this time, swells every honest heart, in Britain, if he omitted to lay at your feet a work, in which every occasion of displaying the blessings of a good administration appears to have been sought with pleasure, and dwelt upon with judgment."</marc:subfield>
		</marc:datafield>
		<marc:datafield ind1=" " ind2=" " tag="520">
			<marc:subfield code="a">Advertisement</marc:subfield>
			<marc:subfield code="b">"Advertisement."</marc:subfield>
			<marc:subfield code="c">Front</marc:subfield>
			<marc:subfield code="v">v.1</marc:subfield>
			<marc:subfield code="x">"The very favourable reception, which the former edition of this work, mutilated and imperfect as it was, met with from the public has encouraged the editor to use every possible means, for the recovery of the rest of the manuscript."</marc:subfield>
		</marc:datafield>
		<marc:datafield ind1=" " ind2=" " tag="520">
			<marc:subfield code="a">Preface</marc:subfield>
			<marc:subfield code="b">"Preface (to the first edition) by the publisher."</marc:subfield>
			<marc:subfield code="c">Front</marc:subfield>
			<marc:subfield code="v">v.1</marc:subfield>
			<marc:subfield code="x">"To acquit myself of the suspicion of presuming to aim at particular characters in the following work, should any fancied likeness be thought to direct any application; as well as to do justice to the real author of it; I think it my duty to make known the manner by which it happened to come into my hands."</marc:subfield>
		</marc:datafield>
		<marc:datafield ind1=" " ind2=" " tag="520">
			<marc:subfield code="a">Table of contents</marc:subfield>
			<marc:subfield code="b">"Contents of vol. 1."</marc:subfield>
			<marc:subfield code="c">Front</marc:subfield>
			<marc:subfield code="v">v.1</marc:subfield>
			<marc:subfield code="x">Chap. I. The Apparition of Chrysal to an adept, in the very moment of projection. His account of himself, and the cause of his appearing to the author."</marc:subfield>
		</marc:datafield>
		<marc:datafield ind1=" " ind2=" " tag="520">
			<marc:subfield code="a">Table of contents</marc:subfield>
			<marc:subfield code="b">"Contents of vol. 2."</marc:subfield>
			<marc:subfield code="c">Front</marc:subfield>
			<marc:subfield code="v">v.2</marc:subfield>
			<marc:subfield code="x">"Chap. I. Some remarks on language. Character of Chrysal's new master. Chrysal attends his master's wife on a visit to a superior lady. Polite reception."</marc:subfield>
		</marc:datafield>
		<marc:datafield ind1=" " ind2=" " tag="520">
			<marc:subfield code="a">Footnote</marc:subfield>
			<marc:subfield code="c">Middle</marc:subfield>
		</marc:datafield>
		<marc:datafield ind1=" " ind2=" " tag="590">
			<marc:subfield code="a">Penn Libraries PR3539.J25 C5 1766 copy 1: each vol. has bookplate of Archibald Elias on back pastedown.</marc:subfield>
		</marc:datafield>
		<marc:datafield ind1=" " ind2=" " tag="590">
			<marc:subfield code="a">Penn Libraries PR3539.J25 C5 1766 copy 1: v. 1 has author's name supplied in pencil at head of title leaf and date transcribed in Arabic numerals in ms. in pencil at foot of title leaf.</marc:subfield>
		</marc:datafield>
		<marc:datafield ind1=" " ind2=" " tag="590">
			<marc:subfield code="a">Penn Libraries PR3539.J25 C5 1766 copy 2 imperfect: v. 2 only.</marc:subfield>
		</marc:datafield>
		<marc:datafield ind1=" " ind2=" " tag="590">
			<marc:subfield code="a">Penn Libraries PR3539.J25 C5 1766 copy 2 has bookplate of Archibald Elias and label of Grierson Family Books on back pastedown.</marc:subfield>
		</marc:datafield>
		<marc:datafield ind1=" " ind2=" " tag="590">
			<marc:subfield code="a">Culture Class Collection copy (EC75 J6503 760c 1767) copy imperfect: v. 1-2 only.</marc:subfield>
		</marc:datafield>
		<marc:datafield ind1=" " ind2=" " tag="590">
			<marc:subfield code="a">Culture Class Collection copy (EC75 J6503 760 1767) copy has bookplate of Thomas Sanderson.</marc:subfield>
		</marc:datafield>
		<marc:datafield ind1=" " ind2=" " tag="591">
			<marc:subfield code="a">"-Hold the mirror up to nature,--to shew vice its own image, virtue his own likeness,--And the very age and body of the times--His form and pressure."</marc:subfield>
			<marc:subfield code="2">Shakespear.</marc:subfield>
			<marc:subfield code="b">Hamlet</marc:subfield>
			<marc:subfield code="c">William Shakespeare</marc:subfield>
		</marc:datafield>
		<marc:datafield ind1=" " ind2=" " tag="591">
			<marc:subfield code="a">"Qui capit, ille facit."</marc:subfield>
			<marc:subfield code="d">The one who takes it, the same makes it (i.e., if the shoe fits, let the cobbler wear it) [source: http://www.eudict.com</marc:subfield>
		</marc:datafield>
		<marc:datafield ind1=" " ind2=" " tag="592">
			<marc:subfield code="a">First-person</marc:subfield>
			<marc:subfield code="b">Third-person</marc:subfield>
		</marc:datafield>
		<marc:datafield ind1=" " ind2=" " tag="594">
			<marc:subfield code="a">T Sanderson 1899 7/6</marc:subfield>
			<marc:subfield code="b">Pencil</marc:subfield>
			<marc:subfield code="x">Front leaf, v.1</marc:subfield>
		</marc:datafield>
		<marc:datafield ind1=" " ind2=" " tag="595">
			<marc:subfield code="a">Pencil</marc:subfield>
			<marc:subfield code="b">Numbers</marc:subfield>
			<marc:subfield code="x">Library notation</marc:subfield>
			<marc:subfield code="x">Back board</marc:subfield>
		</marc:datafield>
		<marc:datafield ind1=" " ind2=" " tag="595">
			<marc:subfield code="a">Pencil</marc:subfield>
			<marc:subfield code="b">Words</marc:subfield>
			<marc:subfield code="x">"by Charles Johnstone"</marc:subfield>
			<marc:subfield code="x">Front leaf</marc:subfield>
		</marc:datafield>
		<marc:datafield ind1=" " ind2=" " tag="595">
			<marc:subfield code="a">Pencil</marc:subfield>
			<marc:subfield code="b">Words</marc:subfield>
			<marc:subfield code="b">Numbers</marc:subfield>
			<marc:subfield code="x">Front board ("4 voles 15/.")</marc:subfield>
		</marc:datafield>
		<marc:datafield ind1=" " ind2=" " tag="595">
			<marc:subfield code="a">Pencil</marc:subfield>
			<marc:subfield code="b">Numbers</marc:subfield>
			<marc:subfield code="b">Words</marc:subfield>
			<marc:subfield code="x">Leaf</marc:subfield>
		</marc:datafield>
		<marc:datafield ind1=" " ind2=" " tag="599">
			<marc:subfield code="a">Author (text)</marc:subfield>
			<marc:subfield code="b">Generic/descriptive</marc:subfield>
			<marc:subfield code="2">"By an adept."</marc:subfield>
			<marc:subfield code="5">Indeterminate</marc:subfield>
			<marc:subfield code="6">Male</marc:subfield>
		</marc:datafield>
		<marc:datafield ind1=" " ind2=" " tag="599">
			<marc:subfield code="a">Author (paratext)</marc:subfield>
			<marc:subfield code="b">Generic/descriptive</marc:subfield>
			<marc:subfield code="2">"A Briton."</marc:subfield>
			<marc:subfield code="5">Indeterminate</marc:subfield>
			<marc:subfield code="6">Male</marc:subfield>
		</marc:datafield>
		<marc:datafield ind1=" " ind2=" " tag="599">
			<marc:subfield code="a">Author (paratext)</marc:subfield>
			<marc:subfield code="b">Generic/descriptive</marc:subfield>
			<marc:subfield code="2">"By the publisher."</marc:subfield>
			<marc:subfield code="5">Male</marc:subfield>
			<marc:subfield code="6">Male</marc:subfield>
			<marc:subfield code="7">Claims this manuscript was found. This claim is ludicrous; preface most likely authored by Charles Johnstone.</marc:subfield>
		</marc:datafield>
		<marc:datafield ind1=" " ind2=" " tag="599">
			<marc:subfield code="a">Publisher (text)</marc:subfield>
			<marc:subfield code="b">Generic/descriptive</marc:subfield>
			<marc:subfield code="2">"By the publisher."</marc:subfield>
			<marc:subfield code="5">Male</marc:subfield>
			<marc:subfield code="6">Male</marc:subfield>
			<marc:subfield code="7">Claims this manuscript was found. This claim is ludicrous; preface most likely authored by Charles Johnstone.</marc:subfield>
		</marc:datafield>
		<marc:datafield ind1=" " ind2=" " tag="599">
			<marc:subfield code="a">Author (paratext)</marc:subfield>
			<marc:subfield code="b">Generic/descriptive</marc:subfield>
			<marc:subfield code="2">"The very favourable reception, which the former edition of this work, mutilated and imperfect as it was, met with from the public, has encouraged the editor to use every possible means, for the recovery of the rest of the manuscript."</marc:subfield>
			<marc:subfield code="3">Advertisement [v.1]</marc:subfield>
			<marc:subfield code="5">Indeterminate</marc:subfield>
			<marc:subfield code="6">Male</marc:subfield>
		</marc:datafield>
		<marc:datafield ind1=" " ind2=" " tag="599">
			<marc:subfield code="a">Editor (text)</marc:subfield>
			<marc:subfield code="b">Generic/descriptive</marc:subfield>
			<marc:subfield code="2">"The very favourable reception, which the former edition of this work, mutilated and imperfect as it was, met with from the public, has encouraged the editor to use every possible means, for the recovery of the rest of the manuscript."</marc:subfield>
			<marc:subfield code="3">Advertisement [v.1]</marc:subfield>
			<marc:subfield code="5">Indeterminate</marc:subfield>
			<marc:subfield code="6">Male</marc:subfield>
		</marc:datafield>
		<marc:datafield ind1=" " ind2="0" tag="651">
			<marc:subfield code="a">Great Britain</marc:subfield>
			<marc:subfield code="x">Politics and government</marc:subfield>
			<marc:subfield code="y">18th century</marc:subfield>
			<marc:subfield code="v">Satire.</marc:subfield>
		</marc:datafield>
		<marc:datafield ind1=" " ind2="0" tag="651">
			<marc:subfield code="a">Great Britain</marc:subfield>
			<marc:subfield code="x">Social life and customs</marc:subfield>
			<marc:subfield code="y">18th century</marc:subfield>
			<marc:subfield code="v">Satire.</marc:subfield>
		</marc:datafield>
		<marc:datafield ind1="1" ind2="0" tag="600">
			<marc:subfield code="a">Wilkes, John,</marc:subfield>
			<marc:subfield code="d">1727-1797.</marc:subfield>
			<marc:subfield code="t">Essay on woman.</marc:subfield>
		</marc:datafield>
		<marc:datafield ind1="1" ind2="0" tag="600">
			<marc:subfield code="a">Sackville, George Germain,</marc:subfield>
			<marc:subfield code="c">Viscount,</marc:subfield>
			<marc:subfield code="d">1716-1785.</marc:subfield>
		</marc:datafield>
		<marc:datafield ind1="1" ind2="0" tag="600">
			<marc:subfield code="a">Byng, John,</marc:subfield>
			<marc:subfield code="d">1704-1757.</marc:subfield>
		</marc:datafield>
		<marc:datafield ind1="2" ind2="0" tag="610">
			<marc:subfield code="a">Hellfire Club (founded ca. 1745)</marc:subfield>
		</marc:datafield>
		<marc:datafield ind1="2" ind2="0" tag="610">
			<marc:subfield code="a">Drury Lane Theatre.</marc:subfield>
		</marc:datafield>
		<marc:datafield ind1=" " ind2="4" tag="650">
			<marc:subfield code="a">CHR 1766</marc:subfield>
		</marc:datafield>
		<marc:datafield ind1=" " ind2="4" tag="650">
			<marc:subfield code="a">PRO Elias, Archibald C. (bookplate) (donor) (PR3539.J25 C5 1766 copy 1)</marc:subfield>
		</marc:datafield>
		<marc:datafield ind1=" " ind2="4" tag="650">
			<marc:subfield code="a">PRO Elias, Archibald C. (bookplate) (donor) (PR3539.J25 C5 1766 copy 2)</marc:subfield>
		</marc:datafield>
		<marc:datafield ind1=" " ind2="4" tag="650">
			<marc:subfield code="a">PRO Grierson Family Books (label) (PR3539.J25 C5 1766 copy 2)</marc:subfield>
		</marc:datafield>
		<marc:datafield ind1=" " ind2="4" tag="650">
			<marc:subfield code="a">PRO Sanderson, Thomas (autograph) (bookplate) (Culture Class Collection copy)</marc:subfield>
		</marc:datafield>
		<marc:datafield ind1="2" ind2=" " tag="700">
			<marc:subfield code="a">Johnstone, Charles</marc:subfield>
			<marc:subfield code="d">1719?-1800?</marc:subfield>
			<marc:subfield code="4">Author (text)</marc:subfield>
			<marc:subfield code="5">Authorized</marc:subfield>
		</marc:datafield>
		<marc:datafield ind1="2" ind2=" " tag="700">
			<marc:subfield code="a">Pitt, William</marc:subfield>
			<marc:subfield code="d">1708-1778</marc:subfield>
			<marc:subfield code="4">Dedicated to</marc:subfield>
			<marc:subfield code="5">Authorized</marc:subfield>
		</marc:datafield>
		<marc:datafield ind1="1" ind2=" " tag="700">
			<marc:subfield code="a">Becket, Thomas</marc:subfield>
			<marc:subfield code="d">fl. 1760-1798</marc:subfield>
			<marc:subfield code="4">Printed for</marc:subfield>
			<marc:subfield code="5">Authorized</marc:subfield>
		</marc:datafield>
		<marc:datafield ind1="1" ind2=" " tag="700">
			<marc:subfield code="a">De Hondt, P. A.</marc:subfield>
			<marc:subfield code="q">(Peter Abraham)</marc:subfield>
			<marc:subfield code="4">Printed for</marc:subfield>
			<marc:subfield code="5">Authorized</marc:subfield>
		</marc:datafield>
		<marc:datafield ind1="1" ind2=" " tag="700">
			<marc:subfield code="a">Shakespeare, William</marc:subfield>
			<marc:subfield code="d">1582–1616</marc:subfield>
			<marc:subfield code="4">Author (epigraph)</marc:subfield>
			<marc:subfield code="5">Authorized</marc:subfield>
		</marc:datafield>
		<marc:datafield ind1="1" ind2=" " tag="700">
			<marc:subfield code="a">Sanderson, Thomas</marc:subfield>
			<marc:subfield code="4">Inscribed by</marc:subfield>
			<marc:subfield code="5">Unauthorized</marc:subfield>
		</marc:datafield>
		<marc:datafield ind1="2" ind2=" " tag="710">
			<marc:subfield code="a">Collection of British and American Fiction, 1660-1830 (University of Pennsylvania)</marc:subfield>
			<marc:subfield code="5">PU</marc:subfield>
		</marc:datafield>
		<marc:datafield ind1="2" ind2=" " tag="710">
			<marc:subfield code="a">Culture Class Collection (University of Pennsylvania)</marc:subfield>
			<marc:subfield code="5">PU</marc:subfield>
		</marc:datafield>
		<marc:datafield ind1="2" ind2=" " tag="710">
			<marc:subfield code="a">English Culture Class Collection (University of Pennsylvania)</marc:subfield>
			<marc:subfield code="5">PU</marc:subfield>
		</marc:datafield>
		<marc:datafield ind1="2" ind2=" " tag="710">
			<marc:subfield code="a">Early Novels</marc:subfield>
			<marc:subfield code="5">University of Pennsylvania</marc:subfield>
		</marc:datafield>
		<marc:datafield ind1=" " ind2=" " tag="752">
			<marc:subfield code="a">England</marc:subfield>
			<marc:subfield code="d">London.</marc:subfield>
		</marc:datafield>
		<marc:datafield ind1=" " ind2=" " tag="950">
			<marc:subfield code="l">RBC</marc:subfield>
			<marc:subfield code="b">\EC75 J6503 760c 1767</marc:subfield>
			<marc:subfield code="v">4 v.</marc:subfield>
			<marc:subfield code="n">\A made-up copy. Vols. 3-4 are the 2d ed. with date 1767.\</marc:subfield>
			<marc:subfield code="h">07/22/80 N</marc:subfield>
			<marc:subfield code="h">07/22/80 C</marc:subfield>
		</marc:datafield>
		<marc:datafield ind1=" " ind2=" " tag="955">
			<marc:subfield code="l">RBC</marc:subfield>
			<marc:subfield code="c">1:v.1</marc:subfield>
			<marc:subfield code="q">50-930</marc:subfield>
			<marc:subfield code="h">07/22/80 C</marc:subfield>
		</marc:datafield>
		<marc:datafield ind1=" " ind2=" " tag="955">
			<marc:subfield code="l">RBC</marc:subfield>
			<marc:subfield code="c">1:v.2</marc:subfield>
			<marc:subfield code="q">50-930</marc:subfield>
			<marc:subfield code="h">07/22/80 C</marc:subfield>
		</marc:datafield>
		<marc:datafield ind1=" " ind2=" " tag="955">
			<marc:subfield code="l">RBC</marc:subfield>
			<marc:subfield code="c">1:v.3</marc:subfield>
			<marc:subfield code="q">50-930</marc:subfield>
			<marc:subfield code="h">07/22/80 C</marc:subfield>
		</marc:datafield>
		<marc:datafield ind1=" " ind2=" " tag="955">
			<marc:subfield code="l">RBC</marc:subfield>
			<marc:subfield code="c">1:v.4</marc:subfield>
			<marc:subfield code="q">50-930</marc:subfield>
			<marc:subfield code="h">07/22/80 C</marc:subfield>
		</marc:datafield>
		<marc:datafield ind1="2" ind2=" " tag="989">
			<marc:subfield code="2">adventure</marc:subfield>
			<marc:subfield code="2">guinea</marc:subfield>
			<marc:subfield code="2">view</marc:subfield>
			<marc:subfield code="2">scene</marc:subfield>
			<marc:subfield code="2">anecdote</marc:subfield>
			<marc:subfield code="2">person</marc:subfield>
			<marc:subfield code="2">rank</marc:subfield>
			<marc:subfield code="2">life</marc:subfield>
			<marc:subfield code="2">hand</marc:subfield>
			<marc:subfield code="2">adept</marc:subfield>
			<marc:subfield code="2">edition</marc:subfield>
			<marc:subfield code="2">volume</marc:subfield>
			<marc:subfield code="3">several</marc:subfield>
			<marc:subfield code="3">striking</marc:subfield>
			<marc:subfield code="3">curious</marc:subfield>
			<marc:subfield code="3">interesting</marc:subfield>
			<marc:subfield code="3">noted</marc:subfield>
			<marc:subfield code="3">every</marc:subfield>
			<marc:subfield code="3">adventure</marc:subfield>
			<marc:subfield code="3">fifth</marc:subfield>
			<marc:subfield code="3">four</marc:subfield>
			<marc:subfield code="4">America</marc:subfield>
			<marc:subfield code="4">England</marc:subfield>
			<marc:subfield code="4">Holland</marc:subfield>
			<marc:subfield code="4">Germany</marc:subfield>
			<marc:subfield code="4">Portugal</marc:subfield>
			<marc:subfield code="5">Chrysal</marc:subfield>
			<marc:subfield code="6">exhibit</marc:subfield>
			<marc:subfield code="6">pass</marc:subfield>
			<marc:subfield code="6">inlarge</marc:subfield>
			<marc:subfield code="6">correct</marc:subfield>
			<marc:subfield code="7">guinea</marc:subfield>
			<marc:subfield code="8">greatly</marc:subfield>
		</marc:datafield>
		<marc:datafield ind1="2" ind2=" " tag="999">
			<marc:subfield code="a">GE</marc:subfield>
			<marc:subfield code="b">6/12/15</marc:subfield>
			<marc:subfield code="c">Swarthmore College</marc:subfield>
			<marc:subfield code="d">IH</marc:subfield>
		</marc:datafield>
	</marc:record>