
		<marc:record>
		<marc:leader>01065cam a2200289 a 4500</marc:leader>
		<marc:controlfield tag="001">199447</marc:controlfield>
		<marc:controlfield tag="005">20141120170822.0</marc:controlfield>
		<marc:controlfield tag="008">851219s1768    ie            00000 eng d</marc:controlfield>
		<marc:datafield ind1=" " ind2=" " tag="035">
			<marc:subfield code="a">(OCoLC)ocm16110769</marc:subfield>
		</marc:datafield>
		<marc:datafield ind1=" " ind2=" " tag="035">
			<marc:subfield code="a">(OCoLC)16110769</marc:subfield>
		</marc:datafield>
		<marc:datafield ind1=" " ind2=" " tag="035">
			<marc:subfield code="a">(CStRLIN)PAUG85-B44949</marc:subfield>
		</marc:datafield>
		<marc:datafield ind1=" " ind2=" " tag="035">
			<marc:subfield code="a">(CaOTULAS)121284491</marc:subfield>
		</marc:datafield>
		<marc:datafield ind1=" " ind2=" " tag="035">
			<marc:subfield code="9">ABC4363</marc:subfield>
		</marc:datafield>
		<marc:datafield ind1=" " ind2=" " tag="035">
			<marc:subfield code="a">199447</marc:subfield>
		</marc:datafield>
		<marc:datafield ind1=" " ind2=" " tag="040">
			<marc:subfield code="a">PU</marc:subfield>
			<marc:subfield code="c">PU</marc:subfield>
		</marc:datafield>
		<marc:datafield ind1=" " ind2=" " tag="090">
			<marc:subfield code="a">PR3291.A1</marc:subfield>
			<marc:subfield code="b">D57 1768</marc:subfield>
			<marc:subfield code="i">12/19/85 CT</marc:subfield>
		</marc:datafield>
		<marc:datafield ind1="0" ind2="4" tag="245">
			<marc:subfield code="a">The Distressed lovers, or The history of Edward and Eliza :</marc:subfield>
			<marc:subfield code="b">in a series of letters : in two volumes.</marc:subfield>
		</marc:datafield>
		<marc:datafield ind1="0" ind2="4" tag="246">
			<marc:subfield code="a">The Distressed lovers: or, the history of Edward and Eliza. In a series of letters. In two volumes. Vol. 1</marc:subfield>
			<marc:subfield code="d">Letter-press</marc:subfield>
			<marc:subfield code="g">Full</marc:subfield>
			<marc:subfield code="x">Volume</marc:subfield>
			<marc:subfield code="v">Vol. 1</marc:subfield>
		</marc:datafield>
		<marc:datafield ind1="0" ind2="4" tag="246">
			<marc:subfield code="a">The Distressed lovers: or, the history of Edward and Eliza. In a series of letters. In two volumes. Vol. 2</marc:subfield>
			<marc:subfield code="d">Letter-press</marc:subfield>
			<marc:subfield code="g">Full</marc:subfield>
			<marc:subfield code="x">Volume</marc:subfield>
			<marc:subfield code="v">Vol. 2</marc:subfield>
		</marc:datafield>
		<marc:datafield ind1="0" ind2="7" tag="246">
			<marc:subfield code="a">Letters between Edward and Eliza</marc:subfield>
			<marc:subfield code="v">Vol. 1</marc:subfield>
			<marc:subfield code="v">Vol. 2</marc:subfield>
		</marc:datafield>
		<marc:datafield ind1="0" ind2="7" tag="246">
			<marc:subfield code="a">Letters between (verso)</marc:subfield>
			<marc:subfield code="a">Edward and Eliza (recto)</marc:subfield>
			<marc:subfield code="v">Vol. 1</marc:subfield>
			<marc:subfield code="v">Vol. 2</marc:subfield>
		</marc:datafield>
		<marc:datafield ind1=" " ind2=" " tag="260">
			<marc:subfield code="a">Dublin</marc:subfield>
			<marc:subfield code="b">Printed for S. Watson, and W. Colles, book-sellers in Dame-Street:</marc:subfield>
			<marc:subfield code="c">1768.</marc:subfield>
			<marc:subfield code="c">MDCCLXVIII.</marc:subfield>
		</marc:datafield>
		<marc:datafield ind1=" " ind2=" " tag="300">
			<marc:subfield code="a">2 v. ;</marc:subfield>
			<marc:subfield code="c">16 cm. (8vo)</marc:subfield>
			<marc:subfield code="x">Octavo.</marc:subfield>
			<marc:subfield code="z">In two volumes.</marc:subfield>
		</marc:datafield>
		<marc:datafield ind1=" " ind2=" " tag="500">
			<marc:subfield code="a">Woodcut headpieces and tailpieces</marc:subfield>
		</marc:datafield>
		<marc:datafield ind1=" " ind2=" " tag="500">
			<marc:subfield code="a">Claims to have been found and edited by Edward's friend</marc:subfield>
		</marc:datafield>
		<marc:datafield ind1=" " ind2=" " tag="500">
			<marc:subfield code="a">University of Pennsylvania Singer-Mendenhall collection bookplate on front board pasted down leaf.</marc:subfield>
		</marc:datafield>
		<marc:datafield ind1=" " ind2=" " tag="500">
			<marc:subfield code="a">Contains poems about authors like Jonathan Swift, Thomas Addison, and John Dryden.</marc:subfield>
		</marc:datafield>
		<marc:datafield ind1=" " ind2=" " tag="500">
			<marc:subfield code="a">Library marginalia: free back endpaper (verso); b1r (v.1); and title page (v.1; verso).</marc:subfield>
		</marc:datafield>
		<marc:datafield ind1=" " ind2=" " tag="500">
			<marc:subfield code="a">Title page (v.1) is loose.</marc:subfield>
		</marc:datafield>
		<marc:datafield ind1=" " ind2=" " tag="500">
			<marc:subfield code="a">Two volumes bound as one.</marc:subfield>
		</marc:datafield>
		<marc:datafield ind1="4" ind2=" " tag="510">
			<marc:subfield code="a">ESTC (RLIN)</marc:subfield>
			<marc:subfield code="c">N2773</marc:subfield>
		</marc:datafield>
		<marc:datafield ind1=" " ind2=" " tag="590">
			<marc:subfield code="a">Bound in one vol.</marc:subfield>
		</marc:datafield>
		<marc:datafield ind1=" " ind2=" " tag="592">
			<marc:subfield code="a">Epistolary</marc:subfield>
			<marc:subfield code="b">Third-person</marc:subfield>
			<marc:subfield code="c">Poems</marc:subfield>
		</marc:datafield>
		<marc:datafield ind1=" " ind2="4" tag="650">
			<marc:subfield code="a">CHR 1768</marc:subfield>
		</marc:datafield>
		<marc:datafield ind1=" " ind2="4" tag="650">
			<marc:subfield code="a">PRO Singer, Godfrey F. (honoree)</marc:subfield>
		</marc:datafield>
		<marc:datafield ind1="1" ind2="0" tag="700">
			<marc:subfield code="a">Watson, Samuel</marc:subfield>
			<marc:subfield code="d">fl. 1752-1789</marc:subfield>
			<marc:subfield code="4">Printed for</marc:subfield>
			<marc:subfield code="5">Authorized</marc:subfield>
		</marc:datafield>
		<marc:datafield ind1="1" ind2="0" tag="700">
			<marc:subfield code="a">Colles, William</marc:subfield>
			<marc:subfield code="d">fl. 1759-1790</marc:subfield>
			<marc:subfield code="4">Printed for</marc:subfield>
			<marc:subfield code="5">Authorized</marc:subfield>
		</marc:datafield>
		<marc:datafield ind1="0" ind2=" " tag="740">
			<marc:subfield code="a">History of Edward and Eliza.</marc:subfield>
		</marc:datafield>
		<marc:datafield ind1="2" ind2=" " tag="710">
			<marc:subfield code="a">Collection of British and American Fiction, 1660-1830 (University of Pennsylvania)</marc:subfield>
			<marc:subfield code="5">PU</marc:subfield>
		</marc:datafield>
		<marc:datafield ind1="2" ind2=" " tag="710">
			<marc:subfield code="a">Early Novels</marc:subfield>
			<marc:subfield code="5">University of Pennsylvania</marc:subfield>
		</marc:datafield>
		<marc:datafield ind1=" " ind2=" " tag="950">
			<marc:subfield code="l">RBC</marc:subfield>
			<marc:subfield code="e">\\Singer-\Menden-\hall\</marc:subfield>
			<marc:subfield code="v">2 v.</marc:subfield>
			<marc:subfield code="i">12/19/85 C</marc:subfield>
		</marc:datafield>
		<marc:datafield ind1=" " ind2=" " tag="955">
			<marc:subfield code="l">RBC</marc:subfield>
			<marc:subfield code="c">1:(v.1-2)</marc:subfield>
			<marc:subfield code="q">725192</marc:subfield>
			<marc:subfield code="s">Godfrey F. Singer Mem.</marc:subfield>
			<marc:subfield code="s">in 1</marc:subfield>
			<marc:subfield code="i">12/19/85 C</marc:subfield>
		</marc:datafield>
		<marc:datafield ind1=" " ind2=" " tag="989">
			<marc:subfield code="3">distressed</marc:subfield>
			<marc:subfield code="2">lover</marc:subfield>
			<marc:subfield code="2">history</marc:subfield>
			<marc:subfield code="4">Edward</marc:subfield>
			<marc:subfield code="4">Eliza</marc:subfield>
			<marc:subfield code="2">series</marc:subfield>
			<marc:subfield code="2">letter</marc:subfield>
			<marc:subfield code="7">letter</marc:subfield>
			<marc:subfield code="3">two</marc:subfield>
			<marc:subfield code="2">volume</marc:subfield>
		</marc:datafield>
		<marc:datafield ind1=" " ind2=" " tag="999">
			<marc:subfield code="a">GE</marc:subfield>
			<marc:subfield code="b">6/30/2015</marc:subfield>
			<marc:subfield code="c">Swarthmore College</marc:subfield>
			<marc:subfield code="d">IH</marc:subfield>
		</marc:datafield>
	</marc:record>
</marc:collection>
